%YAML 1.1
%TAG !u! tag:unity3d.com,2011:
--- !u!29 &1
OcclusionCullingSettings:
  m_ObjectHideFlags: 0
  serializedVersion: 2
  m_OcclusionBakeSettings:
    smallestOccluder: 5
    smallestHole: 0.25
    backfaceThreshold: 100
  m_SceneGUID: 00000000000000000000000000000000
  m_OcclusionCullingData: {fileID: 0}
--- !u!104 &2
RenderSettings:
  m_ObjectHideFlags: 0
  serializedVersion: 9
  m_Fog: 0
  m_FogColor: {r: 0.5, g: 0.5, b: 0.5, a: 1}
  m_FogMode: 3
  m_FogDensity: 0.01
  m_LinearFogStart: 0
  m_LinearFogEnd: 300
  m_AmbientSkyColor: {r: 0.212, g: 0.227, b: 0.259, a: 1}
  m_AmbientEquatorColor: {r: 0.114, g: 0.125, b: 0.133, a: 1}
  m_AmbientGroundColor: {r: 0.047, g: 0.043, b: 0.035, a: 1}
  m_AmbientIntensity: 1
  m_AmbientMode: 0
  m_SubtractiveShadowColor: {r: 0.42, g: 0.478, b: 0.627, a: 1}
  m_SkyboxMaterial: {fileID: 0}
  m_HaloStrength: 0.5
  m_FlareStrength: 1
  m_FlareFadeSpeed: 3
  m_HaloTexture: {fileID: 0}
  m_SpotCookie: {fileID: 10001, guid: 0000000000000000e000000000000000, type: 0}
  m_DefaultReflectionMode: 0
  m_DefaultReflectionResolution: 128
  m_ReflectionBounces: 1
  m_ReflectionIntensity: 1
  m_CustomReflection: {fileID: 0}
  m_Sun: {fileID: 2035111234}
  m_IndirectSpecularColor: {r: 131.16855, g: 162.52502, b: 215.10977, a: 1}
  m_UseRadianceAmbientProbe: 0
--- !u!157 &3
LightmapSettings:
  m_ObjectHideFlags: 0
  serializedVersion: 11
  m_GIWorkflowMode: 1
  m_GISettings:
    serializedVersion: 2
    m_BounceScale: 1
    m_IndirectOutputScale: 1
    m_AlbedoBoost: 1
    m_EnvironmentLightingMode: 0
    m_EnableBakedLightmaps: 1
    m_EnableRealtimeLightmaps: 0
  m_LightmapEditorSettings:
    serializedVersion: 12
    m_Resolution: 2
    m_BakeResolution: 16
    m_AtlasSize: 1024
    m_AO: 0
    m_AOMaxDistance: 1
    m_CompAOExponent: 1
    m_CompAOExponentDirect: 0
    m_ExtractAmbientOcclusion: 0
    m_Padding: 2
    m_LightmapParameters: {fileID: 0}
    m_LightmapsBakeMode: 1
    m_TextureCompression: 1
    m_FinalGather: 0
    m_FinalGatherFiltering: 1
    m_FinalGatherRayCount: 256
    m_ReflectionCompression: 0
    m_MixedBakeMode: 0
    m_BakeBackend: 1
    m_PVRSampling: 1
    m_PVRDirectSampleCount: 32
    m_PVRSampleCount: 300
    m_PVRBounces: 2
    m_PVREnvironmentSampleCount: 300
    m_PVREnvironmentReferencePointCount: 2048
    m_PVRFilteringMode: 2
    m_PVRDenoiserTypeDirect: 0
    m_PVRDenoiserTypeIndirect: 2
    m_PVRDenoiserTypeAO: 0
    m_PVRFilterTypeDirect: 0
    m_PVRFilterTypeIndirect: 2
    m_PVRFilterTypeAO: 0
    m_PVREnvironmentMIS: 1
    m_PVRCulling: 1
    m_PVRFilteringGaussRadiusDirect: 1
    m_PVRFilteringGaussRadiusIndirect: 5
    m_PVRFilteringGaussRadiusAO: 2
    m_PVRFilteringAtrousPositionSigmaDirect: 0.5
    m_PVRFilteringAtrousPositionSigmaIndirect: 2
    m_PVRFilteringAtrousPositionSigmaAO: 1
    m_ExportTrainingData: 0
    m_TrainingDataDestination: TrainingData
    m_LightProbeSampleCountMultiplier: 4
  m_LightingDataAsset: {fileID: 112000000, guid: 56e85d5dc4d99b24f9b01a6f086bd74d,
    type: 2}
  m_UseShadowmask: 0
--- !u!196 &4
NavMeshSettings:
  serializedVersion: 2
  m_ObjectHideFlags: 0
  m_BuildSettings:
    serializedVersion: 2
    agentTypeID: 0
    agentRadius: 0.5
    agentHeight: 2
    agentSlope: 45
    agentClimb: 0.4
    ledgeDropHeight: 0
    maxJumpAcrossDistance: 0
    minRegionArea: 2
    manualCellSize: 0
    cellSize: 0.16666667
    manualTileSize: 0
    tileSize: 256
    accuratePlacement: 0
    debug:
      m_Flags: 0
  m_NavMeshData: {fileID: 0}
--- !u!4 &38996747 stripped
Transform:
  m_CorrespondingSourceObject: {fileID: 1733593358947408502, guid: baa733bd4c02b014e8573e6792ccad99,
    type: 3}
  m_PrefabInstance: {fileID: 598340121}
  m_PrefabAsset: {fileID: 0}
--- !u!114 &57549673
MonoBehaviour:
  m_ObjectHideFlags: 0
  m_CorrespondingSourceObject: {fileID: 0}
  m_PrefabInstance: {fileID: 0}
  m_PrefabAsset: {fileID: 0}
  m_GameObject: {fileID: 0}
  m_Enabled: 1
  m_EditorHideFlags: 0
  m_Script: {fileID: 11500000, guid: 59b6606ef2548734bb6d11b9d160bc7e, type: 3}
  m_Name: 
  m_EditorClassIdentifier: 
  active: 1
  m_AdvancedMode: 0
  rotation:
    m_OverrideState: 0
    m_Value: 0
    min: 0
    max: 360
  skyIntensityMode:
    m_OverrideState: 0
    m_Value: 0
  exposure:
    m_OverrideState: 0
    m_Value: 10
  multiplier:
    m_OverrideState: 0
    m_Value: 1
    min: 0
  upperHemisphereLuxValue:
    m_OverrideState: 0
    m_Value: 1
    min: 0
  upperHemisphereLuxColor:
    m_OverrideState: 0
    m_Value: {x: 0, y: 0, z: 0}
  desiredLuxValue:
    m_OverrideState: 0
    m_Value: 20000
  updateMode:
    m_OverrideState: 0
    m_Value: 0
  updatePeriod:
    m_OverrideState: 0
    m_Value: 0
    min: 0
  includeSunInBaking:
    m_OverrideState: 0
    m_Value: 0
  hdriSky:
    m_OverrideState: 0
    m_Value: {fileID: 8900000, guid: 54a3a0570aebe8949bec4966f1376581, type: 3}
  enableBackplate:
    m_OverrideState: 0
    m_Value: 0
  backplateType:
    m_OverrideState: 0
    m_Value: 0
  groundLevel:
    m_OverrideState: 0
    m_Value: 0
  scale:
    m_OverrideState: 0
    m_Value: {x: 32, y: 32}
  projectionDistance:
    m_OverrideState: 0
    m_Value: 16
    min: 0.0000001
  plateRotation:
    m_OverrideState: 0
    m_Value: 0
    min: 0
    max: 360
  plateTexRotation:
    m_OverrideState: 0
    m_Value: 0
    min: 0
    max: 360
  plateTexOffset:
    m_OverrideState: 0
    m_Value: {x: 0, y: 0}
  blendAmount:
    m_OverrideState: 0
    m_Value: 0
    min: 0
    max: 100
  shadowTint:
    m_OverrideState: 0
    m_Value: {r: 0.5, g: 0.5, b: 0.5, a: 1}
    hdr: 0
    showAlpha: 1
    showEyeDropper: 1
  pointLightShadow:
    m_OverrideState: 0
    m_Value: 0
  dirLightShadow:
    m_OverrideState: 0
    m_Value: 0
  rectLightShadow:
    m_OverrideState: 0
    m_Value: 0
--- !u!4 &105298133 stripped
Transform:
  m_CorrespondingSourceObject: {fileID: 6991978921644212030, guid: d62301752a40ec64a87144b4aeffd58e,
    type: 3}
  m_PrefabInstance: {fileID: 507600766}
  m_PrefabAsset: {fileID: 0}
--- !u!1001 &123751045
PrefabInstance:
  m_ObjectHideFlags: 0
  serializedVersion: 2
  m_Modification:
    m_TransformParent: {fileID: 1444734336}
    m_Modifications:
    - target: {fileID: 1118058872673967791, guid: 00ce5b850670139479f85596e06c78d9,
        type: 3}
      propertyPath: m_LocalPosition.x
      value: 7.9500027
      objectReference: {fileID: 0}
    - target: {fileID: 1118058872673967791, guid: 00ce5b850670139479f85596e06c78d9,
        type: 3}
      propertyPath: m_LocalPosition.y
      value: 6.57
      objectReference: {fileID: 0}
    - target: {fileID: 1118058872673967791, guid: 00ce5b850670139479f85596e06c78d9,
        type: 3}
      propertyPath: m_LocalPosition.z
      value: -13.202381
      objectReference: {fileID: 0}
    - target: {fileID: 1118058872673967791, guid: 00ce5b850670139479f85596e06c78d9,
        type: 3}
      propertyPath: m_LocalRotation.x
      value: -0
      objectReference: {fileID: 0}
    - target: {fileID: 1118058872673967791, guid: 00ce5b850670139479f85596e06c78d9,
        type: 3}
      propertyPath: m_LocalRotation.y
      value: -1
      objectReference: {fileID: 0}
    - target: {fileID: 1118058872673967791, guid: 00ce5b850670139479f85596e06c78d9,
        type: 3}
      propertyPath: m_LocalRotation.z
      value: -0
      objectReference: {fileID: 0}
    - target: {fileID: 1118058872673967791, guid: 00ce5b850670139479f85596e06c78d9,
        type: 3}
      propertyPath: m_LocalRotation.w
      value: 0
      objectReference: {fileID: 0}
    - target: {fileID: 1118058872673967791, guid: 00ce5b850670139479f85596e06c78d9,
        type: 3}
      propertyPath: m_RootOrder
      value: 6
      objectReference: {fileID: 0}
    - target: {fileID: 1118058872673967791, guid: 00ce5b850670139479f85596e06c78d9,
        type: 3}
      propertyPath: m_LocalEulerAnglesHint.x
      value: 0
      objectReference: {fileID: 0}
    - target: {fileID: 1118058872673967791, guid: 00ce5b850670139479f85596e06c78d9,
        type: 3}
      propertyPath: m_LocalEulerAnglesHint.y
      value: 0
      objectReference: {fileID: 0}
    - target: {fileID: 1118058872673967791, guid: 00ce5b850670139479f85596e06c78d9,
        type: 3}
      propertyPath: m_LocalEulerAnglesHint.z
      value: 0
      objectReference: {fileID: 0}
    - target: {fileID: 1368502641636298851, guid: 00ce5b850670139479f85596e06c78d9,
        type: 3}
      propertyPath: m_Name
      value: Platform (2)
      objectReference: {fileID: 0}
    m_RemovedComponents: []
  m_SourcePrefab: {fileID: 100100000, guid: 00ce5b850670139479f85596e06c78d9, type: 3}
--- !u!4 &127339906 stripped
Transform:
  m_CorrespondingSourceObject: {fileID: 1118058872673967791, guid: 00ce5b850670139479f85596e06c78d9,
    type: 3}
  m_PrefabInstance: {fileID: 557991399}
  m_PrefabAsset: {fileID: 0}
--- !u!1001 &170926096
PrefabInstance:
  m_ObjectHideFlags: 0
  serializedVersion: 2
  m_Modification:
    m_TransformParent: {fileID: 1444734336}
    m_Modifications:
    - target: {fileID: 5169653681645193000, guid: 42bf2e00f024fba45a3735965f137d94,
        type: 3}
      propertyPath: deletedObjectHolder
      value: 
      objectReference: {fileID: 2135216398}
    - target: {fileID: 5169653681645193001, guid: 42bf2e00f024fba45a3735965f137d94,
        type: 3}
      propertyPath: m_LocalPosition.x
      value: 14.570003
      objectReference: {fileID: 0}
    - target: {fileID: 5169653681645193001, guid: 42bf2e00f024fba45a3735965f137d94,
        type: 3}
      propertyPath: m_LocalPosition.y
      value: 10.48
      objectReference: {fileID: 0}
    - target: {fileID: 5169653681645193001, guid: 42bf2e00f024fba45a3735965f137d94,
        type: 3}
      propertyPath: m_LocalPosition.z
      value: -11.029999
      objectReference: {fileID: 0}
    - target: {fileID: 5169653681645193001, guid: 42bf2e00f024fba45a3735965f137d94,
        type: 3}
      propertyPath: m_LocalRotation.x
      value: -0
      objectReference: {fileID: 0}
    - target: {fileID: 5169653681645193001, guid: 42bf2e00f024fba45a3735965f137d94,
        type: 3}
      propertyPath: m_LocalRotation.y
      value: -1
      objectReference: {fileID: 0}
    - target: {fileID: 5169653681645193001, guid: 42bf2e00f024fba45a3735965f137d94,
        type: 3}
      propertyPath: m_LocalRotation.z
      value: -0
      objectReference: {fileID: 0}
    - target: {fileID: 5169653681645193001, guid: 42bf2e00f024fba45a3735965f137d94,
        type: 3}
      propertyPath: m_LocalRotation.w
      value: 0
      objectReference: {fileID: 0}
    - target: {fileID: 5169653681645193001, guid: 42bf2e00f024fba45a3735965f137d94,
        type: 3}
      propertyPath: m_RootOrder
      value: 9
      objectReference: {fileID: 0}
    - target: {fileID: 5169653681645193001, guid: 42bf2e00f024fba45a3735965f137d94,
        type: 3}
      propertyPath: m_LocalEulerAnglesHint.x
      value: 0
      objectReference: {fileID: 0}
    - target: {fileID: 5169653681645193001, guid: 42bf2e00f024fba45a3735965f137d94,
        type: 3}
      propertyPath: m_LocalEulerAnglesHint.y
      value: 0
      objectReference: {fileID: 0}
    - target: {fileID: 5169653681645193001, guid: 42bf2e00f024fba45a3735965f137d94,
        type: 3}
      propertyPath: m_LocalEulerAnglesHint.z
      value: 0
      objectReference: {fileID: 0}
    - target: {fileID: 5169653681645193006, guid: 42bf2e00f024fba45a3735965f137d94,
        type: 3}
      propertyPath: m_Name
      value: Disabled Platform with Timer
      objectReference: {fileID: 0}
    m_RemovedComponents: []
  m_SourcePrefab: {fileID: 100100000, guid: 42bf2e00f024fba45a3735965f137d94, type: 3}
--- !u!1 &171923973
GameObject:
  m_ObjectHideFlags: 0
  m_CorrespondingSourceObject: {fileID: 0}
  m_PrefabInstance: {fileID: 0}
  m_PrefabAsset: {fileID: 0}
  serializedVersion: 6
  m_Component:
  - component: {fileID: 171923974}
  - component: {fileID: 171923975}
  m_Layer: 0
  m_Name: background
  m_TagString: Untagged
  m_Icon: {fileID: 0}
  m_NavMeshLayer: 0
  m_StaticEditorFlags: 0
  m_IsActive: 1
--- !u!4 &171923974
Transform:
  m_ObjectHideFlags: 0
  m_CorrespondingSourceObject: {fileID: 0}
  m_PrefabInstance: {fileID: 0}
  m_PrefabAsset: {fileID: 0}
  m_GameObject: {fileID: 171923973}
  m_LocalRotation: {x: -0, y: -0.7071068, z: -0, w: 0.7071068}
  m_LocalPosition: {x: 12.960004, y: 13.88, z: -14.245751}
  m_LocalScale: {x: 1, y: 1, z: 1}
  m_Children: []
  m_Father: {fileID: 1444734336}
  m_RootOrder: 18
  m_LocalEulerAnglesHint: {x: 0, y: 0, z: 0}
--- !u!82 &171923975
AudioSource:
  m_ObjectHideFlags: 0
  m_CorrespondingSourceObject: {fileID: 0}
  m_PrefabInstance: {fileID: 0}
  m_PrefabAsset: {fileID: 0}
  m_GameObject: {fileID: 171923973}
  m_Enabled: 1
  serializedVersion: 4
  OutputAudioMixerGroup: {fileID: 0}
  m_audioClip: {fileID: 8300000, guid: 64881dd9bfe901a4d94eed9f0c641f19, type: 3}
  m_PlayOnAwake: 1
  m_Volume: 1
  m_Pitch: 1
  Loop: 0
  Mute: 0
  Spatialize: 0
  SpatializePostEffects: 0
  Priority: 128
  DopplerLevel: 1
  MinDistance: 1
  MaxDistance: 500
  Pan2D: 0
  rolloffMode: 0
  BypassEffects: 0
  BypassListenerEffects: 0
  BypassReverbZones: 0
  rolloffCustomCurve:
    serializedVersion: 2
    m_Curve:
    - serializedVersion: 3
      time: 0
      value: 1
      inSlope: 0
      outSlope: 0
      tangentMode: 0
      weightedMode: 0
      inWeight: 0.33333334
      outWeight: 0.33333334
    - serializedVersion: 3
      time: 1
      value: 0
      inSlope: 0
      outSlope: 0
      tangentMode: 0
      weightedMode: 0
      inWeight: 0.33333334
      outWeight: 0.33333334
    m_PreInfinity: 2
    m_PostInfinity: 2
    m_RotationOrder: 4
  panLevelCustomCurve:
    serializedVersion: 2
    m_Curve:
    - serializedVersion: 3
      time: 0
      value: 0
      inSlope: 0
      outSlope: 0
      tangentMode: 0
      weightedMode: 0
      inWeight: 0.33333334
      outWeight: 0.33333334
    m_PreInfinity: 2
    m_PostInfinity: 2
    m_RotationOrder: 4
  spreadCustomCurve:
    serializedVersion: 2
    m_Curve:
    - serializedVersion: 3
      time: 0
      value: 0
      inSlope: 0
      outSlope: 0
      tangentMode: 0
      weightedMode: 0
      inWeight: 0.33333334
      outWeight: 0.33333334
    m_PreInfinity: 2
    m_PostInfinity: 2
    m_RotationOrder: 4
  reverbZoneMixCustomCurve:
    serializedVersion: 2
    m_Curve:
    - serializedVersion: 3
      time: 0
      value: 1
      inSlope: 0
      outSlope: 0
      tangentMode: 0
      weightedMode: 0
      inWeight: 0.33333334
      outWeight: 0.33333334
    m_PreInfinity: 2
    m_PostInfinity: 2
    m_RotationOrder: 4
--- !u!1001 &175354553
PrefabInstance:
  m_ObjectHideFlags: 0
  serializedVersion: 2
  m_Modification:
    m_TransformParent: {fileID: 1444734336}
    m_Modifications:
    - target: {fileID: 1118058872673967791, guid: 00ce5b850670139479f85596e06c78d9,
        type: 3}
      propertyPath: m_LocalPosition.x
      value: 9.943462
      objectReference: {fileID: 0}
    - target: {fileID: 1118058872673967791, guid: 00ce5b850670139479f85596e06c78d9,
        type: 3}
      propertyPath: m_LocalPosition.y
      value: 4.06
      objectReference: {fileID: 0}
    - target: {fileID: 1118058872673967791, guid: 00ce5b850670139479f85596e06c78d9,
        type: 3}
      propertyPath: m_LocalPosition.z
      value: -5.3555
      objectReference: {fileID: 0}
    - target: {fileID: 1118058872673967791, guid: 00ce5b850670139479f85596e06c78d9,
        type: 3}
      propertyPath: m_LocalRotation.x
      value: -0
      objectReference: {fileID: 0}
    - target: {fileID: 1118058872673967791, guid: 00ce5b850670139479f85596e06c78d9,
        type: 3}
      propertyPath: m_LocalRotation.y
      value: -1
      objectReference: {fileID: 0}
    - target: {fileID: 1118058872673967791, guid: 00ce5b850670139479f85596e06c78d9,
        type: 3}
      propertyPath: m_LocalRotation.z
      value: -0
      objectReference: {fileID: 0}
    - target: {fileID: 1118058872673967791, guid: 00ce5b850670139479f85596e06c78d9,
        type: 3}
      propertyPath: m_LocalRotation.w
      value: 0
      objectReference: {fileID: 0}
    - target: {fileID: 1118058872673967791, guid: 00ce5b850670139479f85596e06c78d9,
        type: 3}
      propertyPath: m_RootOrder
      value: 5
      objectReference: {fileID: 0}
    - target: {fileID: 1118058872673967791, guid: 00ce5b850670139479f85596e06c78d9,
        type: 3}
      propertyPath: m_LocalEulerAnglesHint.x
      value: 0
      objectReference: {fileID: 0}
    - target: {fileID: 1118058872673967791, guid: 00ce5b850670139479f85596e06c78d9,
        type: 3}
      propertyPath: m_LocalEulerAnglesHint.y
      value: 0
      objectReference: {fileID: 0}
    - target: {fileID: 1118058872673967791, guid: 00ce5b850670139479f85596e06c78d9,
        type: 3}
      propertyPath: m_LocalEulerAnglesHint.z
      value: 0
      objectReference: {fileID: 0}
    - target: {fileID: 1368502641636298851, guid: 00ce5b850670139479f85596e06c78d9,
        type: 3}
      propertyPath: m_Name
      value: Platform (1)
      objectReference: {fileID: 0}
    m_RemovedComponents: []
  m_SourcePrefab: {fileID: 100100000, guid: 00ce5b850670139479f85596e06c78d9, type: 3}
--- !u!1 &177311044
GameObject:
  m_ObjectHideFlags: 0
  m_CorrespondingSourceObject: {fileID: 0}
  m_PrefabInstance: {fileID: 0}
  m_PrefabAsset: {fileID: 0}
  serializedVersion: 6
  m_Component:
  - component: {fileID: 177311046}
  - component: {fileID: 177311045}
  m_Layer: 0
  m_Name: Sky and Fog Volume
  m_TagString: Untagged
  m_Icon: {fileID: 0}
  m_NavMeshLayer: 0
  m_StaticEditorFlags: 0
  m_IsActive: 1
--- !u!114 &177311045
MonoBehaviour:
  m_ObjectHideFlags: 0
  m_CorrespondingSourceObject: {fileID: 0}
  m_PrefabInstance: {fileID: 0}
  m_PrefabAsset: {fileID: 0}
  m_GameObject: {fileID: 177311044}
  m_Enabled: 1
  m_EditorHideFlags: 0
  m_Script: {fileID: 11500000, guid: 172515602e62fb746b5d573b38a5fe58, type: 3}
  m_Name: 
  m_EditorClassIdentifier: 
  isGlobal: 1
  priority: 0
  blendDistance: 0
  weight: 1
  sharedProfile: {fileID: 11400000, guid: a123fc0ac58cb774e8592c925f167e7c, type: 2}
--- !u!4 &177311046
Transform:
  m_ObjectHideFlags: 0
  m_CorrespondingSourceObject: {fileID: 0}
  m_PrefabInstance: {fileID: 0}
  m_PrefabAsset: {fileID: 0}
  m_GameObject: {fileID: 177311044}
  m_LocalRotation: {x: 0, y: 0, z: 0, w: 1}
  m_LocalPosition: {x: 0, y: 0, z: 0}
  m_LocalScale: {x: 1, y: 1, z: 1}
  m_Children: []
  m_Father: {fileID: 0}
  m_RootOrder: 1
  m_LocalEulerAnglesHint: {x: 0, y: 0, z: 0}
--- !u!4 &213295832 stripped
Transform:
  m_CorrespondingSourceObject: {fileID: 5169653681645193001, guid: 42bf2e00f024fba45a3735965f137d94,
    type: 3}
  m_PrefabInstance: {fileID: 170926096}
  m_PrefabAsset: {fileID: 0}
--- !u!4 &241391278 stripped
Transform:
  m_CorrespondingSourceObject: {fileID: 1118058872673967791, guid: 00ce5b850670139479f85596e06c78d9,
    type: 3}
  m_PrefabInstance: {fileID: 1447656978}
  m_PrefabAsset: {fileID: 0}
--- !u!1001 &245835653
PrefabInstance:
  m_ObjectHideFlags: 0
  serializedVersion: 2
  m_Modification:
    m_TransformParent: {fileID: 1444734336}
    m_Modifications:
    - target: {fileID: 6991978921644212025, guid: d62301752a40ec64a87144b4aeffd58e,
        type: 3}
      propertyPath: checkPointHolder
      value: 
      objectReference: {fileID: 359176870}
    - target: {fileID: 6991978921644212025, guid: d62301752a40ec64a87144b4aeffd58e,
        type: 3}
      propertyPath: deletedObjectsHolder
      value: 
      objectReference: {fileID: 2135216398}
    - target: {fileID: 6991978921644212025, guid: d62301752a40ec64a87144b4aeffd58e,
        type: 3}
      propertyPath: livesUI
      value: 
      objectReference: {fileID: 0}
    - target: {fileID: 6991978921644212025, guid: d62301752a40ec64a87144b4aeffd58e,
        type: 3}
      propertyPath: background
      value: 
      objectReference: {fileID: 0}
    - target: {fileID: 6991978921644212027, guid: d62301752a40ec64a87144b4aeffd58e,
        type: 3}
      propertyPath: m_Enabled
      value: 0
      objectReference: {fileID: 0}
    - target: {fileID: 6991978921644212030, guid: d62301752a40ec64a87144b4aeffd58e,
        type: 3}
      propertyPath: m_LocalPosition.x
      value: 3.2500014
      objectReference: {fileID: 0}
    - target: {fileID: 6991978921644212030, guid: d62301752a40ec64a87144b4aeffd58e,
        type: 3}
      propertyPath: m_LocalPosition.y
      value: 18.68
      objectReference: {fileID: 0}
    - target: {fileID: 6991978921644212030, guid: d62301752a40ec64a87144b4aeffd58e,
        type: 3}
      propertyPath: m_LocalPosition.z
      value: -9.970001
      objectReference: {fileID: 0}
    - target: {fileID: 6991978921644212030, guid: d62301752a40ec64a87144b4aeffd58e,
        type: 3}
      propertyPath: m_LocalRotation.x
      value: -0
      objectReference: {fileID: 0}
    - target: {fileID: 6991978921644212030, guid: d62301752a40ec64a87144b4aeffd58e,
        type: 3}
      propertyPath: m_LocalRotation.y
      value: -1
      objectReference: {fileID: 0}
    - target: {fileID: 6991978921644212030, guid: d62301752a40ec64a87144b4aeffd58e,
        type: 3}
      propertyPath: m_LocalRotation.z
      value: -0
      objectReference: {fileID: 0}
    - target: {fileID: 6991978921644212030, guid: d62301752a40ec64a87144b4aeffd58e,
        type: 3}
      propertyPath: m_LocalRotation.w
      value: 0
      objectReference: {fileID: 0}
    - target: {fileID: 6991978921644212030, guid: d62301752a40ec64a87144b4aeffd58e,
        type: 3}
      propertyPath: m_RootOrder
      value: 13
      objectReference: {fileID: 0}
    - target: {fileID: 6991978921644212030, guid: d62301752a40ec64a87144b4aeffd58e,
        type: 3}
      propertyPath: m_LocalEulerAnglesHint.x
      value: 0
      objectReference: {fileID: 0}
    - target: {fileID: 6991978921644212030, guid: d62301752a40ec64a87144b4aeffd58e,
        type: 3}
      propertyPath: m_LocalEulerAnglesHint.y
      value: 0
      objectReference: {fileID: 0}
    - target: {fileID: 6991978921644212030, guid: d62301752a40ec64a87144b4aeffd58e,
        type: 3}
      propertyPath: m_LocalEulerAnglesHint.z
      value: 0
      objectReference: {fileID: 0}
    - target: {fileID: 6991978921644212030, guid: d62301752a40ec64a87144b4aeffd58e,
        type: 3}
      propertyPath: m_LocalScale.z
      value: 26.016623
      objectReference: {fileID: 0}
    - target: {fileID: 6991978921644212030, guid: d62301752a40ec64a87144b4aeffd58e,
        type: 3}
      propertyPath: m_LocalScale.x
      value: 17.785044
      objectReference: {fileID: 0}
    - target: {fileID: 6991978921644212031, guid: d62301752a40ec64a87144b4aeffd58e,
        type: 3}
      propertyPath: m_Name
      value: Death Volume (1)
      objectReference: {fileID: 0}
    m_RemovedComponents: []
  m_SourcePrefab: {fileID: 100100000, guid: d62301752a40ec64a87144b4aeffd58e, type: 3}
--- !u!1 &313761473
GameObject:
  m_ObjectHideFlags: 1
  m_CorrespondingSourceObject: {fileID: 0}
  m_PrefabInstance: {fileID: 0}
  m_PrefabAsset: {fileID: 0}
  serializedVersion: 6
  m_Component:
  - component: {fileID: 313761475}
  - component: {fileID: 313761474}
  m_Layer: 0
  m_Name: StaticLightingSky
  m_TagString: Untagged
  m_Icon: {fileID: 0}
  m_NavMeshLayer: 0
  m_StaticEditorFlags: 0
  m_IsActive: 1
--- !u!114 &313761474
MonoBehaviour:
  m_ObjectHideFlags: 1
  m_CorrespondingSourceObject: {fileID: 0}
  m_PrefabInstance: {fileID: 0}
  m_PrefabAsset: {fileID: 0}
  m_GameObject: {fileID: 313761473}
  m_Enabled: 1
  m_EditorHideFlags: 0
  m_Script: {fileID: 11500000, guid: 441482e8936e35048a1dffac814e3ef8, type: 3}
  m_Name: 
  m_EditorClassIdentifier: 
  m_Profile: {fileID: 11400000, guid: a123fc0ac58cb774e8592c925f167e7c, type: 2}
  m_StaticLightingSkyUniqueID: 1
  m_SkySettings: {fileID: 57549673}
  m_SkySettingsFromProfile: {fileID: -1658960478407648048, guid: a123fc0ac58cb774e8592c925f167e7c,
    type: 2}
--- !u!4 &313761475
Transform:
  m_ObjectHideFlags: 1
  m_CorrespondingSourceObject: {fileID: 0}
  m_PrefabInstance: {fileID: 0}
  m_PrefabAsset: {fileID: 0}
  m_GameObject: {fileID: 313761473}
  m_LocalRotation: {x: 0, y: 0, z: 0, w: 1}
  m_LocalPosition: {x: 0, y: 0, z: 0}
  m_LocalScale: {x: 1, y: 1, z: 1}
  m_Children: []
  m_Father: {fileID: 0}
  m_RootOrder: 4
  m_LocalEulerAnglesHint: {x: 0, y: 0, z: 0}
--- !u!4 &359176869 stripped
Transform:
  m_CorrespondingSourceObject: {fileID: 1590587105032995602, guid: ebefcfdac070c5b4faed18e8955aee9b,
    type: 3}
  m_PrefabInstance: {fileID: 1590587104812308919}
  m_PrefabAsset: {fileID: 0}
--- !u!114 &359176870 stripped
MonoBehaviour:
  m_CorrespondingSourceObject: {fileID: 1590587105032995601, guid: ebefcfdac070c5b4faed18e8955aee9b,
    type: 3}
  m_PrefabInstance: {fileID: 1590587104812308919}
  m_PrefabAsset: {fileID: 0}
  m_GameObject: {fileID: 0}
  m_Enabled: 1
  m_EditorHideFlags: 0
  m_Script: {fileID: 11500000, guid: c479726347af9bf48a2ca7d0c1f129fa, type: 3}
  m_Name: 
  m_EditorClassIdentifier: 
--- !u!1001 &438907117
PrefabInstance:
  m_ObjectHideFlags: 0
  serializedVersion: 2
  m_Modification:
    m_TransformParent: {fileID: 1444734336}
    m_Modifications:
    - target: {fileID: 3576923065980101101, guid: 66940de7a0db0cd4f9af9c78d7acf48f,
        type: 3}
      propertyPath: levelName
      value: SecondLevel
      objectReference: {fileID: 0}
    - target: {fileID: 4823540788733047913, guid: 66940de7a0db0cd4f9af9c78d7acf48f,
        type: 3}
      propertyPath: m_Name
      value: Tp
      objectReference: {fileID: 0}
    - target: {fileID: 4823540788733047914, guid: 66940de7a0db0cd4f9af9c78d7acf48f,
        type: 3}
      propertyPath: m_LocalPosition.x
      value: -3.664071
      objectReference: {fileID: 0}
    - target: {fileID: 4823540788733047914, guid: 66940de7a0db0cd4f9af9c78d7acf48f,
        type: 3}
      propertyPath: m_LocalPosition.y
      value: 47.91477
      objectReference: {fileID: 0}
    - target: {fileID: 4823540788733047914, guid: 66940de7a0db0cd4f9af9c78d7acf48f,
        type: 3}
      propertyPath: m_LocalPosition.z
      value: -14.382987
      objectReference: {fileID: 0}
    - target: {fileID: 4823540788733047914, guid: 66940de7a0db0cd4f9af9c78d7acf48f,
        type: 3}
      propertyPath: m_LocalRotation.x
      value: -0
      objectReference: {fileID: 0}
    - target: {fileID: 4823540788733047914, guid: 66940de7a0db0cd4f9af9c78d7acf48f,
        type: 3}
      propertyPath: m_LocalRotation.y
      value: -0.70710677
      objectReference: {fileID: 0}
    - target: {fileID: 4823540788733047914, guid: 66940de7a0db0cd4f9af9c78d7acf48f,
        type: 3}
      propertyPath: m_LocalRotation.z
      value: -0
      objectReference: {fileID: 0}
    - target: {fileID: 4823540788733047914, guid: 66940de7a0db0cd4f9af9c78d7acf48f,
        type: 3}
      propertyPath: m_LocalRotation.w
      value: 0.7071069
      objectReference: {fileID: 0}
    - target: {fileID: 4823540788733047914, guid: 66940de7a0db0cd4f9af9c78d7acf48f,
        type: 3}
      propertyPath: m_RootOrder
      value: 16
      objectReference: {fileID: 0}
    - target: {fileID: 4823540788733047914, guid: 66940de7a0db0cd4f9af9c78d7acf48f,
        type: 3}
      propertyPath: m_LocalEulerAnglesHint.x
      value: 0
      objectReference: {fileID: 0}
    - target: {fileID: 4823540788733047914, guid: 66940de7a0db0cd4f9af9c78d7acf48f,
        type: 3}
      propertyPath: m_LocalEulerAnglesHint.y
      value: 0.00001
      objectReference: {fileID: 0}
    - target: {fileID: 4823540788733047914, guid: 66940de7a0db0cd4f9af9c78d7acf48f,
        type: 3}
      propertyPath: m_LocalEulerAnglesHint.z
      value: 0
      objectReference: {fileID: 0}
    - target: {fileID: 4823540788733047914, guid: 66940de7a0db0cd4f9af9c78d7acf48f,
        type: 3}
      propertyPath: m_LocalScale.x
      value: 1.4063993
      objectReference: {fileID: 0}
    - target: {fileID: 4823540788733047914, guid: 66940de7a0db0cd4f9af9c78d7acf48f,
        type: 3}
      propertyPath: m_LocalScale.z
      value: 0.13040994
      objectReference: {fileID: 0}
    m_RemovedComponents: []
  m_SourcePrefab: {fileID: 100100000, guid: 66940de7a0db0cd4f9af9c78d7acf48f, type: 3}
--- !u!1001 &507600766
PrefabInstance:
  m_ObjectHideFlags: 0
  serializedVersion: 2
  m_Modification:
    m_TransformParent: {fileID: 1444734336}
    m_Modifications:
    - target: {fileID: 6991978921644212025, guid: d62301752a40ec64a87144b4aeffd58e,
        type: 3}
      propertyPath: checkPointHolder
      value: 
      objectReference: {fileID: 359176870}
    - target: {fileID: 6991978921644212025, guid: d62301752a40ec64a87144b4aeffd58e,
        type: 3}
      propertyPath: deletedObjectsHolder
      value: 
      objectReference: {fileID: 2135216398}
    - target: {fileID: 6991978921644212025, guid: d62301752a40ec64a87144b4aeffd58e,
        type: 3}
      propertyPath: livesUI
      value: 
      objectReference: {fileID: 0}
    - target: {fileID: 6991978921644212025, guid: d62301752a40ec64a87144b4aeffd58e,
        type: 3}
      propertyPath: background
      value: 
      objectReference: {fileID: 0}
    - target: {fileID: 6991978921644212027, guid: d62301752a40ec64a87144b4aeffd58e,
        type: 3}
      propertyPath: m_Enabled
      value: 0
      objectReference: {fileID: 0}
    - target: {fileID: 6991978921644212030, guid: d62301752a40ec64a87144b4aeffd58e,
        type: 3}
      propertyPath: m_LocalPosition.x
      value: 12.200004
      objectReference: {fileID: 0}
    - target: {fileID: 6991978921644212030, guid: d62301752a40ec64a87144b4aeffd58e,
        type: 3}
      propertyPath: m_LocalPosition.y
      value: -0.01
      objectReference: {fileID: 0}
    - target: {fileID: 6991978921644212030, guid: d62301752a40ec64a87144b4aeffd58e,
        type: 3}
      propertyPath: m_LocalPosition.z
      value: -14.161262
      objectReference: {fileID: 0}
    - target: {fileID: 6991978921644212030, guid: d62301752a40ec64a87144b4aeffd58e,
        type: 3}
      propertyPath: m_LocalRotation.x
      value: -0
      objectReference: {fileID: 0}
    - target: {fileID: 6991978921644212030, guid: d62301752a40ec64a87144b4aeffd58e,
        type: 3}
      propertyPath: m_LocalRotation.y
      value: -1
      objectReference: {fileID: 0}
    - target: {fileID: 6991978921644212030, guid: d62301752a40ec64a87144b4aeffd58e,
        type: 3}
      propertyPath: m_LocalRotation.z
      value: -0
      objectReference: {fileID: 0}
    - target: {fileID: 6991978921644212030, guid: d62301752a40ec64a87144b4aeffd58e,
        type: 3}
      propertyPath: m_LocalRotation.w
      value: 0
      objectReference: {fileID: 0}
    - target: {fileID: 6991978921644212030, guid: d62301752a40ec64a87144b4aeffd58e,
        type: 3}
      propertyPath: m_RootOrder
      value: 7
      objectReference: {fileID: 0}
    - target: {fileID: 6991978921644212030, guid: d62301752a40ec64a87144b4aeffd58e,
        type: 3}
      propertyPath: m_LocalEulerAnglesHint.x
      value: 0
      objectReference: {fileID: 0}
    - target: {fileID: 6991978921644212030, guid: d62301752a40ec64a87144b4aeffd58e,
        type: 3}
      propertyPath: m_LocalEulerAnglesHint.y
      value: 0
      objectReference: {fileID: 0}
    - target: {fileID: 6991978921644212030, guid: d62301752a40ec64a87144b4aeffd58e,
        type: 3}
      propertyPath: m_LocalEulerAnglesHint.z
      value: 0
      objectReference: {fileID: 0}
    - target: {fileID: 6991978921644212030, guid: d62301752a40ec64a87144b4aeffd58e,
        type: 3}
      propertyPath: m_LocalScale.x
      value: 118.923065
      objectReference: {fileID: 0}
    - target: {fileID: 6991978921644212030, guid: d62301752a40ec64a87144b4aeffd58e,
        type: 3}
      propertyPath: m_LocalScale.z
      value: 95.296196
      objectReference: {fileID: 0}
    - target: {fileID: 6991978921644212031, guid: d62301752a40ec64a87144b4aeffd58e,
        type: 3}
      propertyPath: m_Name
      value: Death Volume
      objectReference: {fileID: 0}
    m_RemovedComponents: []
  m_SourcePrefab: {fileID: 100100000, guid: d62301752a40ec64a87144b4aeffd58e, type: 3}
--- !u!1001 &557991399
PrefabInstance:
  m_ObjectHideFlags: 0
  serializedVersion: 2
  m_Modification:
    m_TransformParent: {fileID: 1444734336}
    m_Modifications:
    - target: {fileID: 1118058872673967791, guid: 00ce5b850670139479f85596e06c78d9,
        type: 3}
      propertyPath: m_LocalPosition.x
      value: -0.8199982
      objectReference: {fileID: 0}
    - target: {fileID: 1118058872673967791, guid: 00ce5b850670139479f85596e06c78d9,
        type: 3}
      propertyPath: m_LocalPosition.y
      value: 46.24
      objectReference: {fileID: 0}
    - target: {fileID: 1118058872673967791, guid: 00ce5b850670139479f85596e06c78d9,
        type: 3}
      propertyPath: m_LocalPosition.z
      value: -14.066069
      objectReference: {fileID: 0}
    - target: {fileID: 1118058872673967791, guid: 00ce5b850670139479f85596e06c78d9,
        type: 3}
      propertyPath: m_LocalRotation.x
      value: -0
      objectReference: {fileID: 0}
    - target: {fileID: 1118058872673967791, guid: 00ce5b850670139479f85596e06c78d9,
        type: 3}
      propertyPath: m_LocalRotation.y
      value: -1
      objectReference: {fileID: 0}
    - target: {fileID: 1118058872673967791, guid: 00ce5b850670139479f85596e06c78d9,
        type: 3}
      propertyPath: m_LocalRotation.z
      value: -0
      objectReference: {fileID: 0}
    - target: {fileID: 1118058872673967791, guid: 00ce5b850670139479f85596e06c78d9,
        type: 3}
      propertyPath: m_LocalRotation.w
      value: 0
      objectReference: {fileID: 0}
    - target: {fileID: 1118058872673967791, guid: 00ce5b850670139479f85596e06c78d9,
        type: 3}
      propertyPath: m_RootOrder
      value: 17
      objectReference: {fileID: 0}
    - target: {fileID: 1118058872673967791, guid: 00ce5b850670139479f85596e06c78d9,
        type: 3}
      propertyPath: m_LocalEulerAnglesHint.x
      value: 0
      objectReference: {fileID: 0}
    - target: {fileID: 1118058872673967791, guid: 00ce5b850670139479f85596e06c78d9,
        type: 3}
      propertyPath: m_LocalEulerAnglesHint.y
      value: 0
      objectReference: {fileID: 0}
    - target: {fileID: 1118058872673967791, guid: 00ce5b850670139479f85596e06c78d9,
        type: 3}
      propertyPath: m_LocalEulerAnglesHint.z
      value: 0
      objectReference: {fileID: 0}
    - target: {fileID: 1118058872673967791, guid: 00ce5b850670139479f85596e06c78d9,
        type: 3}
      propertyPath: m_LocalScale.x
      value: 9.23616
      objectReference: {fileID: 0}
    - target: {fileID: 1118058872673967791, guid: 00ce5b850670139479f85596e06c78d9,
        type: 3}
      propertyPath: m_LocalScale.z
      value: 10.504799
      objectReference: {fileID: 0}
    - target: {fileID: 1368502641636298851, guid: 00ce5b850670139479f85596e06c78d9,
        type: 3}
      propertyPath: m_Name
      value: Platform
      objectReference: {fileID: 0}
    m_RemovedComponents: []
  m_SourcePrefab: {fileID: 100100000, guid: 00ce5b850670139479f85596e06c78d9, type: 3}
--- !u!1 &581876909
GameObject:
  m_ObjectHideFlags: 0
  m_CorrespondingSourceObject: {fileID: 0}
  m_PrefabInstance: {fileID: 0}
  m_PrefabAsset: {fileID: 0}
  serializedVersion: 6
  m_Component:
  - component: {fileID: 581876911}
  - component: {fileID: 581876910}
  m_Layer: 0
  m_Name: Post Process Volume
  m_TagString: Untagged
  m_Icon: {fileID: 0}
  m_NavMeshLayer: 0
  m_StaticEditorFlags: 0
  m_IsActive: 1
--- !u!114 &581876910
MonoBehaviour:
  m_ObjectHideFlags: 0
  m_CorrespondingSourceObject: {fileID: 0}
  m_PrefabInstance: {fileID: 0}
  m_PrefabAsset: {fileID: 0}
  m_GameObject: {fileID: 581876909}
  m_Enabled: 1
  m_EditorHideFlags: 0
  m_Script: {fileID: 11500000, guid: 172515602e62fb746b5d573b38a5fe58, type: 3}
  m_Name: 
  m_EditorClassIdentifier: 
  isGlobal: 1
  priority: 0
  blendDistance: 0
  weight: 1
  sharedProfile: {fileID: 11400000, guid: 183cbd347d25080429f42b520742bbd8, type: 2}
--- !u!4 &581876911
Transform:
  m_ObjectHideFlags: 0
  m_CorrespondingSourceObject: {fileID: 0}
  m_PrefabInstance: {fileID: 0}
  m_PrefabAsset: {fileID: 0}
  m_GameObject: {fileID: 581876909}
  m_LocalRotation: {x: 0.0019461786, y: 0.0014872228, z: -0.0020864212, w: 0.9999948}
  m_LocalPosition: {x: 0, y: 1, z: 2}
  m_LocalScale: {x: 1, y: 1, z: 1}
  m_Children: []
  m_Father: {fileID: 0}
  m_RootOrder: 2
  m_LocalEulerAnglesHint: {x: 0.223, y: 0.17, z: -0.23900001}
--- !u!1001 &591981563
PrefabInstance:
  m_ObjectHideFlags: 0
  serializedVersion: 2
  m_Modification:
    m_TransformParent: {fileID: 1444734336}
    m_Modifications:
    - target: {fileID: 3620992453542499861, guid: 6ec57dc6407a064478204bd5e0778813,
        type: 3}
      propertyPath: deletedObjectHolder
      value: 
      objectReference: {fileID: 2135216398}
    - target: {fileID: 3620992453542499862, guid: 6ec57dc6407a064478204bd5e0778813,
        type: 3}
      propertyPath: m_LocalPosition.x
      value: 18.170004
      objectReference: {fileID: 0}
    - target: {fileID: 3620992453542499862, guid: 6ec57dc6407a064478204bd5e0778813,
        type: 3}
      propertyPath: m_LocalPosition.y
      value: 8.81
      objectReference: {fileID: 0}
    - target: {fileID: 3620992453542499862, guid: 6ec57dc6407a064478204bd5e0778813,
        type: 3}
      propertyPath: m_LocalPosition.z
      value: -17.41
      objectReference: {fileID: 0}
    - target: {fileID: 3620992453542499862, guid: 6ec57dc6407a064478204bd5e0778813,
        type: 3}
      propertyPath: m_LocalRotation.x
      value: -0
      objectReference: {fileID: 0}
    - target: {fileID: 3620992453542499862, guid: 6ec57dc6407a064478204bd5e0778813,
        type: 3}
      propertyPath: m_LocalRotation.y
      value: -1
      objectReference: {fileID: 0}
    - target: {fileID: 3620992453542499862, guid: 6ec57dc6407a064478204bd5e0778813,
        type: 3}
      propertyPath: m_LocalRotation.z
      value: -0
      objectReference: {fileID: 0}
    - target: {fileID: 3620992453542499862, guid: 6ec57dc6407a064478204bd5e0778813,
        type: 3}
      propertyPath: m_LocalRotation.w
      value: 0
      objectReference: {fileID: 0}
    - target: {fileID: 3620992453542499862, guid: 6ec57dc6407a064478204bd5e0778813,
        type: 3}
      propertyPath: m_RootOrder
      value: 11
      objectReference: {fileID: 0}
    - target: {fileID: 3620992453542499862, guid: 6ec57dc6407a064478204bd5e0778813,
        type: 3}
      propertyPath: m_LocalEulerAnglesHint.x
      value: 0
      objectReference: {fileID: 0}
    - target: {fileID: 3620992453542499862, guid: 6ec57dc6407a064478204bd5e0778813,
        type: 3}
      propertyPath: m_LocalEulerAnglesHint.y
      value: 0
      objectReference: {fileID: 0}
    - target: {fileID: 3620992453542499862, guid: 6ec57dc6407a064478204bd5e0778813,
        type: 3}
      propertyPath: m_LocalEulerAnglesHint.z
      value: 0
      objectReference: {fileID: 0}
    - target: {fileID: 3620992453542499863, guid: 6ec57dc6407a064478204bd5e0778813,
        type: 3}
      propertyPath: m_Name
      value: Disabled Platform (1)
      objectReference: {fileID: 0}
    m_RemovedComponents: []
  m_SourcePrefab: {fileID: 100100000, guid: 6ec57dc6407a064478204bd5e0778813, type: 3}
--- !u!1 &597611654
GameObject:
  m_ObjectHideFlags: 0
  m_CorrespondingSourceObject: {fileID: 0}
  m_PrefabInstance: {fileID: 0}
  m_PrefabAsset: {fileID: 0}
  serializedVersion: 6
  m_Component:
  - component: {fileID: 597611655}
  - component: {fileID: 597611658}
  - component: {fileID: 597611657}
  - component: {fileID: 597611656}
  m_Layer: 0
  m_Name: Canvas
  m_TagString: Untagged
  m_Icon: {fileID: 0}
  m_NavMeshLayer: 0
  m_StaticEditorFlags: 0
  m_IsActive: 1
--- !u!224 &597611655
RectTransform:
  m_ObjectHideFlags: 0
  m_CorrespondingSourceObject: {fileID: 0}
  m_PrefabInstance: {fileID: 0}
  m_PrefabAsset: {fileID: 0}
  m_GameObject: {fileID: 597611654}
  m_LocalRotation: {x: 0, y: 0, z: 0, w: 1}
  m_LocalPosition: {x: 0, y: 0, z: 0}
  m_LocalScale: {x: 0, y: 0, z: 0}
  m_Children:
  - {fileID: 1002098963}
  m_Father: {fileID: 1444734336}
  m_RootOrder: 19
  m_LocalEulerAnglesHint: {x: 0, y: 0, z: 0}
  m_AnchorMin: {x: 0, y: 0}
  m_AnchorMax: {x: 0, y: 0}
  m_AnchoredPosition: {x: 0, y: 0}
  m_SizeDelta: {x: 0, y: 0}
  m_Pivot: {x: 0, y: 0}
--- !u!114 &597611656
MonoBehaviour:
  m_ObjectHideFlags: 0
  m_CorrespondingSourceObject: {fileID: 0}
  m_PrefabInstance: {fileID: 0}
  m_PrefabAsset: {fileID: 0}
  m_GameObject: {fileID: 597611654}
  m_Enabled: 1
  m_EditorHideFlags: 0
  m_Script: {fileID: 11500000, guid: dc42784cf147c0c48a680349fa168899, type: 3}
  m_Name: 
  m_EditorClassIdentifier: 
  m_IgnoreReversedGraphics: 1
  m_BlockingObjects: 0
  m_BlockingMask:
    serializedVersion: 2
    m_Bits: 4294967295
--- !u!114 &597611657
MonoBehaviour:
  m_ObjectHideFlags: 0
  m_CorrespondingSourceObject: {fileID: 0}
  m_PrefabInstance: {fileID: 0}
  m_PrefabAsset: {fileID: 0}
  m_GameObject: {fileID: 597611654}
  m_Enabled: 1
  m_EditorHideFlags: 0
  m_Script: {fileID: 11500000, guid: 0cd44c1031e13a943bb63640046fad76, type: 3}
  m_Name: 
  m_EditorClassIdentifier: 
  m_UiScaleMode: 0
  m_ReferencePixelsPerUnit: 100
  m_ScaleFactor: 1
  m_ReferenceResolution: {x: 800, y: 600}
  m_ScreenMatchMode: 0
  m_MatchWidthOrHeight: 0
  m_PhysicalUnit: 3
  m_FallbackScreenDPI: 96
  m_DefaultSpriteDPI: 96
  m_DynamicPixelsPerUnit: 1
--- !u!223 &597611658
Canvas:
  m_ObjectHideFlags: 0
  m_CorrespondingSourceObject: {fileID: 0}
  m_PrefabInstance: {fileID: 0}
  m_PrefabAsset: {fileID: 0}
  m_GameObject: {fileID: 597611654}
  m_Enabled: 1
  serializedVersion: 3
  m_RenderMode: 0
  m_Camera: {fileID: 0}
  m_PlaneDistance: 100
  m_PixelPerfect: 0
  m_ReceivesEvents: 1
  m_OverrideSorting: 0
  m_OverridePixelPerfect: 0
  m_SortingBucketNormalizedSize: 0
  m_AdditionalShaderChannelsFlag: 25
  m_SortingLayerID: 0
  m_SortingOrder: 0
  m_TargetDisplay: 0
--- !u!1001 &598340121
PrefabInstance:
  m_ObjectHideFlags: 0
  serializedVersion: 2
  m_Modification:
    m_TransformParent: {fileID: 1444734336}
    m_Modifications:
    - target: {fileID: 1733593358947408497, guid: baa733bd4c02b014e8573e6792ccad99,
        type: 3}
      propertyPath: m_Name
      value: CheckPoint
      objectReference: {fileID: 0}
    - target: {fileID: 1733593358947408500, guid: baa733bd4c02b014e8573e6792ccad99,
        type: 3}
      propertyPath: m_Materials.Array.data[0]
      value: 
      objectReference: {fileID: 2100000, guid: bebff3193c57aec479b8aa48a877a9a6, type: 2}
    - target: {fileID: 1733593358947408502, guid: baa733bd4c02b014e8573e6792ccad99,
        type: 3}
      propertyPath: m_LocalPosition.x
      value: 11.880002
      objectReference: {fileID: 0}
    - target: {fileID: 1733593358947408502, guid: baa733bd4c02b014e8573e6792ccad99,
        type: 3}
      propertyPath: m_LocalPosition.y
      value: 22.733
      objectReference: {fileID: 0}
    - target: {fileID: 1733593358947408502, guid: baa733bd4c02b014e8573e6792ccad99,
        type: 3}
      propertyPath: m_LocalPosition.z
      value: -8.92
      objectReference: {fileID: 0}
    - target: {fileID: 1733593358947408502, guid: baa733bd4c02b014e8573e6792ccad99,
        type: 3}
      propertyPath: m_LocalRotation.x
      value: 0
      objectReference: {fileID: 0}
    - target: {fileID: 1733593358947408502, guid: baa733bd4c02b014e8573e6792ccad99,
        type: 3}
      propertyPath: m_LocalRotation.y
      value: 0.7071068
      objectReference: {fileID: 0}
    - target: {fileID: 1733593358947408502, guid: baa733bd4c02b014e8573e6792ccad99,
        type: 3}
      propertyPath: m_LocalRotation.z
      value: 0
      objectReference: {fileID: 0}
    - target: {fileID: 1733593358947408502, guid: baa733bd4c02b014e8573e6792ccad99,
        type: 3}
      propertyPath: m_LocalRotation.w
      value: 0.7071068
      objectReference: {fileID: 0}
    - target: {fileID: 1733593358947408502, guid: baa733bd4c02b014e8573e6792ccad99,
        type: 3}
      propertyPath: m_RootOrder
      value: 14
      objectReference: {fileID: 0}
    - target: {fileID: 1733593358947408502, guid: baa733bd4c02b014e8573e6792ccad99,
        type: 3}
      propertyPath: m_LocalEulerAnglesHint.x
      value: 0
      objectReference: {fileID: 0}
    - target: {fileID: 1733593358947408502, guid: baa733bd4c02b014e8573e6792ccad99,
        type: 3}
      propertyPath: m_LocalEulerAnglesHint.y
      value: 90
      objectReference: {fileID: 0}
    - target: {fileID: 1733593358947408502, guid: baa733bd4c02b014e8573e6792ccad99,
        type: 3}
      propertyPath: m_LocalEulerAnglesHint.z
      value: 0
      objectReference: {fileID: 0}
    - target: {fileID: 1733593358947408502, guid: baa733bd4c02b014e8573e6792ccad99,
        type: 3}
      propertyPath: m_LocalScale.x
      value: 3.0185993
      objectReference: {fileID: 0}
    - target: {fileID: 1733593358947408506, guid: baa733bd4c02b014e8573e6792ccad99,
        type: 3}
      propertyPath: checkPointHolder
      value: 
      objectReference: {fileID: 359176870}
    m_RemovedComponents: []
  m_SourcePrefab: {fileID: 100100000, guid: baa733bd4c02b014e8573e6792ccad99, type: 3}
--- !u!4 &826220284 stripped
Transform:
  m_CorrespondingSourceObject: {fileID: 4823540788733047914, guid: 66940de7a0db0cd4f9af9c78d7acf48f,
    type: 3}
  m_PrefabInstance: {fileID: 438907117}
  m_PrefabAsset: {fileID: 0}
--- !u!4 &852372680 stripped
Transform:
  m_CorrespondingSourceObject: {fileID: 3620992453542499862, guid: 6ec57dc6407a064478204bd5e0778813,
    type: 3}
  m_PrefabInstance: {fileID: 591981563}
  m_PrefabAsset: {fileID: 0}
--- !u!1 &1002098962
GameObject:
  m_ObjectHideFlags: 0
  m_CorrespondingSourceObject: {fileID: 0}
  m_PrefabInstance: {fileID: 0}
  m_PrefabAsset: {fileID: 0}
  serializedVersion: 6
  m_Component:
  - component: {fileID: 1002098963}
  - component: {fileID: 1002098965}
  - component: {fileID: 1002098964}
  m_Layer: 0
  m_Name: Lives Count
  m_TagString: Untagged
  m_Icon: {fileID: 0}
  m_NavMeshLayer: 0
  m_StaticEditorFlags: 0
  m_IsActive: 1
--- !u!224 &1002098963
RectTransform:
  m_ObjectHideFlags: 0
  m_CorrespondingSourceObject: {fileID: 0}
  m_PrefabInstance: {fileID: 0}
  m_PrefabAsset: {fileID: 0}
  m_GameObject: {fileID: 1002098962}
  m_LocalRotation: {x: 0, y: 0, z: 0, w: 1}
  m_LocalPosition: {x: 0, y: 0, z: 0}
  m_LocalScale: {x: 1, y: 1, z: 1}
  m_Children: []
  m_Father: {fileID: 597611655}
  m_RootOrder: 0
  m_LocalEulerAnglesHint: {x: 0, y: 0, z: 0}
  m_AnchorMin: {x: 1, y: 1}
  m_AnchorMax: {x: 1, y: 1}
  m_AnchoredPosition: {x: -84.7, y: -30.6}
  m_SizeDelta: {x: 169.4165, y: 47.264343}
  m_Pivot: {x: 0.5, y: 0.5}
--- !u!114 &1002098964
MonoBehaviour:
  m_ObjectHideFlags: 0
  m_CorrespondingSourceObject: {fileID: 0}
  m_PrefabInstance: {fileID: 0}
  m_PrefabAsset: {fileID: 0}
  m_GameObject: {fileID: 1002098962}
  m_Enabled: 1
  m_EditorHideFlags: 0
  m_Script: {fileID: 11500000, guid: 5f7201a12d95ffc409449d95f23cf332, type: 3}
  m_Name: 
  m_EditorClassIdentifier: 
  m_Material: {fileID: 0}
  m_Color: {r: 1, g: 1, b: 1, a: 1}
  m_RaycastTarget: 1
  m_Maskable: 1
  m_OnCullStateChanged:
    m_PersistentCalls:
      m_Calls: []
  m_FontData:
    m_Font: {fileID: 10102, guid: 0000000000000000e000000000000000, type: 0}
    m_FontSize: 36
    m_FontStyle: 0
    m_BestFit: 0
    m_MinSize: 3
    m_MaxSize: 40
    m_Alignment: 0
    m_AlignByGeometry: 0
    m_RichText: 1
    m_HorizontalOverflow: 0
    m_VerticalOverflow: 0
    m_LineSpacing: 1
  m_Text: 'Lives: 3'
--- !u!222 &1002098965
CanvasRenderer:
  m_ObjectHideFlags: 0
  m_CorrespondingSourceObject: {fileID: 0}
  m_PrefabInstance: {fileID: 0}
  m_PrefabAsset: {fileID: 0}
  m_GameObject: {fileID: 1002098962}
  m_CullTransparentMesh: 0
--- !u!1001 &1012879331
PrefabInstance:
  m_ObjectHideFlags: 0
  serializedVersion: 2
  m_Modification:
    m_TransformParent: {fileID: 1444734336}
    m_Modifications:
    - target: {fileID: 8202187705786746950, guid: bd7c7284deac9384784c5157963dc825,
        type: 3}
      propertyPath: m_LocalPosition.x
      value: 13.910003
      objectReference: {fileID: 0}
    - target: {fileID: 8202187705786746950, guid: bd7c7284deac9384784c5157963dc825,
        type: 3}
      propertyPath: m_LocalPosition.y
      value: 16.99
      objectReference: {fileID: 0}
    - target: {fileID: 8202187705786746950, guid: bd7c7284deac9384784c5157963dc825,
        type: 3}
      propertyPath: m_LocalPosition.z
      value: -9.219999
      objectReference: {fileID: 0}
    - target: {fileID: 8202187705786746950, guid: bd7c7284deac9384784c5157963dc825,
        type: 3}
      propertyPath: m_LocalRotation.x
      value: -0
      objectReference: {fileID: 0}
    - target: {fileID: 8202187705786746950, guid: bd7c7284deac9384784c5157963dc825,
        type: 3}
      propertyPath: m_LocalRotation.y
      value: -1
      objectReference: {fileID: 0}
    - target: {fileID: 8202187705786746950, guid: bd7c7284deac9384784c5157963dc825,
        type: 3}
      propertyPath: m_LocalRotation.z
      value: -0
      objectReference: {fileID: 0}
    - target: {fileID: 8202187705786746950, guid: bd7c7284deac9384784c5157963dc825,
        type: 3}
      propertyPath: m_LocalRotation.w
      value: 0
      objectReference: {fileID: 0}
    - target: {fileID: 8202187705786746950, guid: bd7c7284deac9384784c5157963dc825,
        type: 3}
      propertyPath: m_RootOrder
      value: 10
      objectReference: {fileID: 0}
    - target: {fileID: 8202187705786746950, guid: bd7c7284deac9384784c5157963dc825,
        type: 3}
      propertyPath: m_LocalEulerAnglesHint.x
      value: 0
      objectReference: {fileID: 0}
    - target: {fileID: 8202187705786746950, guid: bd7c7284deac9384784c5157963dc825,
        type: 3}
      propertyPath: m_LocalEulerAnglesHint.y
      value: 0
      objectReference: {fileID: 0}
    - target: {fileID: 8202187705786746950, guid: bd7c7284deac9384784c5157963dc825,
        type: 3}
      propertyPath: m_LocalEulerAnglesHint.z
      value: 0
      objectReference: {fileID: 0}
    - target: {fileID: 8202187705786746950, guid: bd7c7284deac9384784c5157963dc825,
        type: 3}
      propertyPath: m_LocalScale.y
      value: 5.813441
      objectReference: {fileID: 0}
    - target: {fileID: 8202187705786747002, guid: bd7c7284deac9384784c5157963dc825,
        type: 3}
      propertyPath: force
      value: 30
      objectReference: {fileID: 0}
    - target: {fileID: 8202187705786747003, guid: bd7c7284deac9384784c5157963dc825,
        type: 3}
      propertyPath: m_Name
      value: Elevator
      objectReference: {fileID: 0}
    m_RemovedComponents: []
  m_SourcePrefab: {fileID: 100100000, guid: bd7c7284deac9384784c5157963dc825, type: 3}
--- !u!1001 &1056190135
PrefabInstance:
  m_ObjectHideFlags: 0
  serializedVersion: 2
  m_Modification:
    m_TransformParent: {fileID: 1444734336}
    m_Modifications:
    - target: {fileID: 3620992453542499861, guid: 6ec57dc6407a064478204bd5e0778813,
        type: 3}
      propertyPath: deletedObjectHolder
      value: 
      objectReference: {fileID: 2135216398}
    - target: {fileID: 3620992453542499862, guid: 6ec57dc6407a064478204bd5e0778813,
        type: 3}
      propertyPath: m_LocalPosition.x
      value: 12.620003
      objectReference: {fileID: 0}
    - target: {fileID: 3620992453542499862, guid: 6ec57dc6407a064478204bd5e0778813,
        type: 3}
      propertyPath: m_LocalPosition.y
      value: 1.26
      objectReference: {fileID: 0}
    - target: {fileID: 3620992453542499862, guid: 6ec57dc6407a064478204bd5e0778813,
        type: 3}
      propertyPath: m_LocalPosition.z
      value: -11.909999
      objectReference: {fileID: 0}
    - target: {fileID: 3620992453542499862, guid: 6ec57dc6407a064478204bd5e0778813,
        type: 3}
      propertyPath: m_LocalRotation.x
      value: -0
      objectReference: {fileID: 0}
    - target: {fileID: 3620992453542499862, guid: 6ec57dc6407a064478204bd5e0778813,
        type: 3}
      propertyPath: m_LocalRotation.y
      value: -1
      objectReference: {fileID: 0}
    - target: {fileID: 3620992453542499862, guid: 6ec57dc6407a064478204bd5e0778813,
        type: 3}
      propertyPath: m_LocalRotation.z
      value: -0
      objectReference: {fileID: 0}
    - target: {fileID: 3620992453542499862, guid: 6ec57dc6407a064478204bd5e0778813,
        type: 3}
      propertyPath: m_LocalRotation.w
      value: 0
      objectReference: {fileID: 0}
    - target: {fileID: 3620992453542499862, guid: 6ec57dc6407a064478204bd5e0778813,
        type: 3}
      propertyPath: m_RootOrder
      value: 8
      objectReference: {fileID: 0}
    - target: {fileID: 3620992453542499862, guid: 6ec57dc6407a064478204bd5e0778813,
        type: 3}
      propertyPath: m_LocalEulerAnglesHint.x
      value: 0
      objectReference: {fileID: 0}
    - target: {fileID: 3620992453542499862, guid: 6ec57dc6407a064478204bd5e0778813,
        type: 3}
      propertyPath: m_LocalEulerAnglesHint.y
      value: 0
      objectReference: {fileID: 0}
    - target: {fileID: 3620992453542499862, guid: 6ec57dc6407a064478204bd5e0778813,
        type: 3}
      propertyPath: m_LocalEulerAnglesHint.z
      value: 0
      objectReference: {fileID: 0}
    - target: {fileID: 3620992453542499862, guid: 6ec57dc6407a064478204bd5e0778813,
        type: 3}
      propertyPath: m_LocalScale.x
      value: 20.882877
      objectReference: {fileID: 0}
    - target: {fileID: 3620992453542499862, guid: 6ec57dc6407a064478204bd5e0778813,
        type: 3}
      propertyPath: m_LocalScale.z
      value: 25.158041
      objectReference: {fileID: 0}
    - target: {fileID: 3620992453542499863, guid: 6ec57dc6407a064478204bd5e0778813,
        type: 3}
      propertyPath: m_Name
      value: Disabled Platform
      objectReference: {fileID: 0}
    - target: {fileID: 7405458393245160882, guid: 6ec57dc6407a064478204bd5e0778813,
        type: 3}
      propertyPath: ShapeModule.m_Scale.y
      value: 32.98044
      objectReference: {fileID: 0}
    - target: {fileID: 7405458393245160882, guid: 6ec57dc6407a064478204bd5e0778813,
        type: 3}
      propertyPath: ShapeModule.m_Scale.x
      value: 94.27629
      objectReference: {fileID: 0}
    - target: {fileID: 7405458393245160882, guid: 6ec57dc6407a064478204bd5e0778813,
        type: 3}
      propertyPath: InitialModule.maxNumParticles
      value: 1000
      objectReference: {fileID: 0}
    - target: {fileID: 7405458393245160882, guid: 6ec57dc6407a064478204bd5e0778813,
        type: 3}
      propertyPath: autoRandomSeed
      value: 1
      objectReference: {fileID: 0}
    - target: {fileID: 7405458393245160882, guid: 6ec57dc6407a064478204bd5e0778813,
        type: 3}
      propertyPath: InitialModule.startSize.scalar
      value: 1.5
      objectReference: {fileID: 0}
    - target: {fileID: 7405458393245160882, guid: 6ec57dc6407a064478204bd5e0778813,
        type: 3}
      propertyPath: EmissionModule.m_Bursts.Array.data[0].countCurve.scalar
      value: 100
      objectReference: {fileID: 0}
    m_RemovedComponents: []
  m_SourcePrefab: {fileID: 100100000, guid: 6ec57dc6407a064478204bd5e0778813, type: 3}
--- !u!4 &1125151586 stripped
Transform:
  m_CorrespondingSourceObject: {fileID: 447598964022531711, guid: a7071729a75dcbd4f999fa70b0c9afe7,
    type: 3}
  m_PrefabInstance: {fileID: 447598963000157469}
  m_PrefabAsset: {fileID: 0}
--- !u!4 &1159915844 stripped
Transform:
  m_CorrespondingSourceObject: {fileID: 8202187705786746950, guid: bd7c7284deac9384784c5157963dc825,
    type: 3}
  m_PrefabInstance: {fileID: 1012879331}
  m_PrefabAsset: {fileID: 0}
--- !u!4 &1175734506 stripped
Transform:
  m_CorrespondingSourceObject: {fileID: 6991978921644212030, guid: d62301752a40ec64a87144b4aeffd58e,
    type: 3}
  m_PrefabInstance: {fileID: 245835653}
  m_PrefabAsset: {fileID: 0}
--- !u!1 &1444734335
GameObject:
  m_ObjectHideFlags: 0
  m_CorrespondingSourceObject: {fileID: 1663759634160148, guid: 4d20b4d205c659c40b121e56bff820b0,
    type: 2}
  m_PrefabInstance: {fileID: 0}
  m_PrefabAsset: {fileID: 0}
  serializedVersion: 6
  m_Component:
  - component: {fileID: 1444734336}
  m_Layer: 0
  m_Name: Example Assets
  m_TagString: Untagged
  m_Icon: {fileID: 0}
  m_NavMeshLayer: 0
  m_StaticEditorFlags: 0
  m_IsActive: 1
--- !u!4 &1444734336
Transform:
  m_ObjectHideFlags: 0
  m_CorrespondingSourceObject: {fileID: 4694336604991242, guid: 4d20b4d205c659c40b121e56bff820b0,
    type: 2}
  m_PrefabInstance: {fileID: 0}
  m_PrefabAsset: {fileID: 0}
  m_GameObject: {fileID: 1444734335}
  m_LocalRotation: {x: 0, y: 0.7071068, z: 0, w: 0.7071068}
  m_LocalPosition: {x: -2.92, y: 0, z: 0}
  m_LocalScale: {x: 1, y: 1, z: 1}
  m_Children:
  - {fileID: 1125151586}
  - {fileID: 359176869}
  - {fileID: 2141536244}
  - {fileID: 2135216397}
  - {fileID: 2087204843}
  - {fileID: 1760488331}
  - {fileID: 1930196253}
  - {fileID: 105298133}
  - {fileID: 1782450965}
  - {fileID: 213295832}
  - {fileID: 1159915844}
  - {fileID: 852372680}
  - {fileID: 241391278}
  - {fileID: 1175734506}
  - {fileID: 38996747}
  - {fileID: 1611304773}
  - {fileID: 826220284}
  - {fileID: 127339906}
  - {fileID: 171923974}
  - {fileID: 597611655}
  m_Father: {fileID: 0}
  m_RootOrder: 3
  m_LocalEulerAnglesHint: {x: 0, y: 90, z: 0}
--- !u!1001 &1447656978
PrefabInstance:
  m_ObjectHideFlags: 0
  serializedVersion: 2
  m_Modification:
    m_TransformParent: {fileID: 1444734336}
    m_Modifications:
    - target: {fileID: 1118058872673967791, guid: 00ce5b850670139479f85596e06c78d9,
        type: 3}
      propertyPath: m_LocalPosition.x
      value: 8.810002
      objectReference: {fileID: 0}
    - target: {fileID: 1118058872673967791, guid: 00ce5b850670139479f85596e06c78d9,
        type: 3}
      propertyPath: m_LocalPosition.y
      value: 22.083
      objectReference: {fileID: 0}
    - target: {fileID: 1118058872673967791, guid: 00ce5b850670139479f85596e06c78d9,
        type: 3}
      propertyPath: m_LocalPosition.z
      value: -10.522747
      objectReference: {fileID: 0}
    - target: {fileID: 1118058872673967791, guid: 00ce5b850670139479f85596e06c78d9,
        type: 3}
      propertyPath: m_LocalRotation.x
      value: -0
      objectReference: {fileID: 0}
    - target: {fileID: 1118058872673967791, guid: 00ce5b850670139479f85596e06c78d9,
        type: 3}
      propertyPath: m_LocalRotation.y
      value: -1
      objectReference: {fileID: 0}
    - target: {fileID: 1118058872673967791, guid: 00ce5b850670139479f85596e06c78d9,
        type: 3}
      propertyPath: m_LocalRotation.z
      value: -0
      objectReference: {fileID: 0}
    - target: {fileID: 1118058872673967791, guid: 00ce5b850670139479f85596e06c78d9,
        type: 3}
      propertyPath: m_LocalRotation.w
      value: 0
      objectReference: {fileID: 0}
    - target: {fileID: 1118058872673967791, guid: 00ce5b850670139479f85596e06c78d9,
        type: 3}
      propertyPath: m_RootOrder
      value: 12
      objectReference: {fileID: 0}
    - target: {fileID: 1118058872673967791, guid: 00ce5b850670139479f85596e06c78d9,
        type: 3}
      propertyPath: m_LocalEulerAnglesHint.x
      value: 0
      objectReference: {fileID: 0}
    - target: {fileID: 1118058872673967791, guid: 00ce5b850670139479f85596e06c78d9,
        type: 3}
      propertyPath: m_LocalEulerAnglesHint.y
      value: 0
      objectReference: {fileID: 0}
    - target: {fileID: 1118058872673967791, guid: 00ce5b850670139479f85596e06c78d9,
        type: 3}
      propertyPath: m_LocalEulerAnglesHint.z
      value: 0
      objectReference: {fileID: 0}
    - target: {fileID: 1118058872673967791, guid: 00ce5b850670139479f85596e06c78d9,
        type: 3}
      propertyPath: m_LocalScale.z
      value: 12.53295
      objectReference: {fileID: 0}
    - target: {fileID: 1118058872673967791, guid: 00ce5b850670139479f85596e06c78d9,
        type: 3}
      propertyPath: m_LocalScale.x
      value: 9.22992
      objectReference: {fileID: 0}
    - target: {fileID: 1368502641636298851, guid: 00ce5b850670139479f85596e06c78d9,
        type: 3}
      propertyPath: m_Name
      value: Platform
      objectReference: {fileID: 0}
    m_RemovedComponents: []
  m_SourcePrefab: {fileID: 100100000, guid: 00ce5b850670139479f85596e06c78d9, type: 3}
--- !u!4 &1611304773 stripped
Transform:
  m_CorrespondingSourceObject: {fileID: 8202187705786746950, guid: bd7c7284deac9384784c5157963dc825,
    type: 3}
  m_PrefabInstance: {fileID: 2076785273}
  m_PrefabAsset: {fileID: 0}
--- !u!4 &1760488331 stripped
Transform:
  m_CorrespondingSourceObject: {fileID: 1118058872673967791, guid: 00ce5b850670139479f85596e06c78d9,
    type: 3}
  m_PrefabInstance: {fileID: 175354553}
  m_PrefabAsset: {fileID: 0}
--- !u!1 &1772230047
GameObject:
  m_ObjectHideFlags: 0
  m_CorrespondingSourceObject: {fileID: 0}
  m_PrefabInstance: {fileID: 0}
  m_PrefabAsset: {fileID: 0}
  serializedVersion: 6
  m_Component:
  - component: {fileID: 1772230050}
  - component: {fileID: 1772230049}
  - component: {fileID: 1772230048}
  m_Layer: 0
  m_Name: EventSystem
  m_TagString: Untagged
  m_Icon: {fileID: 0}
  m_NavMeshLayer: 0
  m_StaticEditorFlags: 0
  m_IsActive: 1
--- !u!114 &1772230048
MonoBehaviour:
  m_ObjectHideFlags: 0
  m_CorrespondingSourceObject: {fileID: 0}
  m_PrefabInstance: {fileID: 0}
  m_PrefabAsset: {fileID: 0}
  m_GameObject: {fileID: 1772230047}
  m_Enabled: 1
  m_EditorHideFlags: 0
  m_Script: {fileID: 11500000, guid: 4f231c4fb786f3946a6b90b886c48677, type: 3}
  m_Name: 
  m_EditorClassIdentifier: 
  m_HorizontalAxis: Horizontal
  m_VerticalAxis: Vertical
  m_SubmitButton: Submit
  m_CancelButton: Cancel
  m_InputActionsPerSecond: 10
  m_RepeatDelay: 0.5
  m_ForceModuleActive: 0
--- !u!114 &1772230049
MonoBehaviour:
  m_ObjectHideFlags: 0
  m_CorrespondingSourceObject: {fileID: 0}
  m_PrefabInstance: {fileID: 0}
  m_PrefabAsset: {fileID: 0}
  m_GameObject: {fileID: 1772230047}
  m_Enabled: 1
  m_EditorHideFlags: 0
  m_Script: {fileID: 11500000, guid: 76c392e42b5098c458856cdf6ecaaaa1, type: 3}
  m_Name: 
  m_EditorClassIdentifier: 
  m_FirstSelected: {fileID: 0}
  m_sendNavigationEvents: 1
  m_DragThreshold: 10
--- !u!4 &1772230050
Transform:
  m_ObjectHideFlags: 0
  m_CorrespondingSourceObject: {fileID: 0}
  m_PrefabInstance: {fileID: 0}
  m_PrefabAsset: {fileID: 0}
  m_GameObject: {fileID: 1772230047}
  m_LocalRotation: {x: 0, y: 0, z: 0, w: 1}
  m_LocalPosition: {x: 0, y: 0, z: 0}
  m_LocalScale: {x: 1, y: 1, z: 1}
  m_Children: []
  m_Father: {fileID: 0}
  m_RootOrder: 5
  m_LocalEulerAnglesHint: {x: 0, y: 0, z: 0}
--- !u!4 &1782450965 stripped
Transform:
  m_CorrespondingSourceObject: {fileID: 3620992453542499862, guid: 6ec57dc6407a064478204bd5e0778813,
    type: 3}
  m_PrefabInstance: {fileID: 1056190135}
  m_PrefabAsset: {fileID: 0}
--- !u!4 &1930196253 stripped
Transform:
  m_CorrespondingSourceObject: {fileID: 1118058872673967791, guid: 00ce5b850670139479f85596e06c78d9,
    type: 3}
  m_PrefabInstance: {fileID: 123751045}
  m_PrefabAsset: {fileID: 0}
--- !u!1 &2035111233
GameObject:
  m_ObjectHideFlags: 0
  m_CorrespondingSourceObject: {fileID: 0}
  m_PrefabInstance: {fileID: 0}
  m_PrefabAsset: {fileID: 0}
  serializedVersion: 6
  m_Component:
  - component: {fileID: 2035111235}
  - component: {fileID: 2035111234}
  - component: {fileID: 2035111237}
  m_Layer: 0
  m_Name: Directional Light
  m_TagString: Untagged
  m_Icon: {fileID: 0}
  m_NavMeshLayer: 0
  m_StaticEditorFlags: 0
  m_IsActive: 1
--- !u!108 &2035111234
Light:
  m_ObjectHideFlags: 0
  m_CorrespondingSourceObject: {fileID: 0}
  m_PrefabInstance: {fileID: 0}
  m_PrefabAsset: {fileID: 0}
  m_GameObject: {fileID: 2035111233}
  m_Enabled: 1
  serializedVersion: 10
  m_Type: 1
  m_Shape: 0
  m_Color: {r: 1, g: 1, b: 1, a: 1}
  m_Intensity: 10000
  m_Range: 10
  m_SpotAngle: 30
  m_InnerSpotAngle: 21.802082
  m_CookieSize: 10
  m_Shadows:
    m_Type: 1
    m_Resolution: -1
    m_CustomResolution: -1
    m_Strength: 1
    m_Bias: 0.01
    m_NormalBias: 0.1
    m_NearPlane: 0.1
    m_CullingMatrixOverride:
      e00: 1
      e01: 0
      e02: 0
      e03: 0
      e10: 0
      e11: 1
      e12: 0
      e13: 0
      e20: 0
      e21: 0
      e22: 1
      e23: 0
      e30: 0
      e31: 0
      e32: 0
      e33: 1
    m_UseCullingMatrixOverride: 0
  m_Cookie: {fileID: 0}
  m_DrawHalo: 0
  m_Flare: {fileID: 0}
  m_RenderMode: 0
  m_CullingMask:
    serializedVersion: 2
    m_Bits: 4294967295
  m_RenderingLayerMask: 1
  m_Lightmapping: 1
  m_LightShadowCasterMode: 0
  m_AreaSize: {x: 1, y: 1}
  m_BounceIntensity: 1
  m_ColorTemperature: 5500
  m_UseColorTemperature: 1
  m_BoundingSphereOverride: {x: 0, y: 0, z: 0, w: 0}
  m_UseBoundingSphereOverride: 0
  m_ShadowRadius: 0
  m_ShadowAngle: 0.53
--- !u!4 &2035111235
Transform:
  m_ObjectHideFlags: 0
  m_CorrespondingSourceObject: {fileID: 0}
  m_PrefabInstance: {fileID: 0}
  m_PrefabAsset: {fileID: 0}
  m_GameObject: {fileID: 2035111233}
  m_LocalRotation: {x: -0.36015815, y: -0.4338758, z: 0.09555609, w: -0.8203091}
  m_LocalPosition: {x: -3.18, y: 3, z: 0}
  m_LocalScale: {x: 1, y: 1, z: 1}
  m_Children: []
  m_Father: {fileID: 0}
  m_RootOrder: 0
  m_LocalEulerAnglesHint: {x: 137.63899, y: 600.481, z: 192.169}
--- !u!114 &2035111237
MonoBehaviour:
  m_ObjectHideFlags: 0
  m_CorrespondingSourceObject: {fileID: 0}
  m_PrefabInstance: {fileID: 0}
  m_PrefabAsset: {fileID: 0}
  m_GameObject: {fileID: 2035111233}
  m_Enabled: 1
  m_EditorHideFlags: 0
  m_Script: {fileID: 11500000, guid: 7a68c43fe1f2a47cfa234b5eeaa98012, type: 3}
  m_Name: 
  m_EditorClassIdentifier: 
  m_Version: 10
  m_ObsoleteShadowResolutionTier: 2
  m_ObsoleteUseShadowQualitySettings: 1
  m_ObsoleteCustomShadowResolution: 1024
  m_ObsoleteContactShadows: 1
  m_PointlightHDType: 0
  m_SpotLightShape: 0
  m_AreaLightShape: 0
  m_Intensity: 10000
  m_EnableSpotReflector: 0
  m_LuxAtDistance: 1
  m_InnerSpotPercent: 0
  m_LightDimmer: 1
  m_VolumetricDimmer: 1
  m_LightUnit: 2
  m_FadeDistance: 10000
  m_AffectDiffuse: 1
  m_AffectSpecular: 1
  m_NonLightmappedOnly: 0
  m_ShapeWidth: 0.5
  m_ShapeHeight: 0.5
  m_AspectRatio: 1
  m_ShapeRadius: 0
  m_SoftnessScale: 1
  m_UseCustomSpotLightShadowCone: 0
  m_CustomSpotLightShadowCone: 30
  m_MaxSmoothness: 1
  m_ApplyRangeAttenuation: 1
  m_DisplayAreaLightEmissiveMesh: 0
  m_AreaLightCookie: {fileID: 0}
  m_AreaLightShadowCone: 120
  m_UseScreenSpaceShadows: 0
  m_InteractsWithSky: 1
  m_AngularDiameter: 0.53
  m_FlareSize: 2
  m_FlareTint: {r: 1, g: 1, b: 1, a: 1}
  m_FlareFalloff: 4
  m_SurfaceTexture: {fileID: 0}
  m_SurfaceTint: {r: 1, g: 1, b: 1, a: 1}
  m_Distance: 150000000
  m_UseRayTracedShadows: 0
  m_NumRayTracingSamples: 4
  m_FilterTracedShadow: 1
  m_FilterSizeTraced: 16
  m_SunLightConeAngle: 0.5
  m_LightShadowRadius: 0.5
  m_SemiTransparentShadow: 0
  m_ColorShadow: 1
  m_EvsmExponent: 15
  m_EvsmLightLeakBias: 0
  m_EvsmVarianceBias: 0.00001
  m_EvsmBlurPasses: 0
  m_LightlayersMask: 1
  m_LinkShadowLayers: 1
  m_ShadowNearPlane: 0.1
  m_BlockerSampleCount: 24
  m_FilterSampleCount: 32
  m_MinFilterSize: 0.01
  m_KernelSize: 5
  m_LightAngle: 1
  m_MaxDepthBias: 0.001
  m_ShadowResolution:
    m_Override: 1024
    m_UseOverride: 0
    m_Level: 2
  m_ShadowDimmer: 1
  m_VolumetricShadowDimmer: 1
  m_ShadowFadeDistance: 10000
  m_UseContactShadow:
    m_Override: 1
    m_UseOverride: 0
    m_Level: 2
  m_RayTracedContactShadow: 0
  m_ShadowTint: {r: 0, g: 0, b: 0, a: 1}
  m_PenumbraTint: 0
  m_NormalBias: 0.75
  m_SlopeBias: 0.5
  m_ShadowUpdateMode: 0
  m_BarnDoorAngle: 90
  m_BarnDoorLength: 0.05
  m_ShadowCascadeRatios:
  - 0.005
  - 0.015
  - 0.3
  m_ShadowCascadeBorders:
  - 0
  - 0
  - 0
  - 0.2
  m_ShadowAlgorithm: 0
  m_ShadowVariant: 3
  m_ShadowPrecision: 0
  useOldInspector: 0
  useVolumetric: 1
  featuresFoldout: 1
  showAdditionalSettings: 0
  m_AreaLightEmissiveMeshShadowCastingMode: 0
  m_AreaLightEmissiveMeshMotionVectorGenerationMode: 0
--- !u!1001 &2040179573
PrefabInstance:
  m_ObjectHideFlags: 0
  serializedVersion: 2
  m_Modification:
    m_TransformParent: {fileID: 1444734336}
    m_Modifications:
    - target: {fileID: 1118058872673967791, guid: 00ce5b850670139479f85596e06c78d9,
        type: 3}
      propertyPath: m_LocalPosition.x
      value: 12.133115
      objectReference: {fileID: 0}
    - target: {fileID: 1118058872673967791, guid: 00ce5b850670139479f85596e06c78d9,
        type: 3}
      propertyPath: m_LocalPosition.y
      value: 8.49
      objectReference: {fileID: 0}
    - target: {fileID: 1118058872673967791, guid: 00ce5b850670139479f85596e06c78d9,
        type: 3}
      propertyPath: m_LocalPosition.z
      value: -20.205303
      objectReference: {fileID: 0}
    - target: {fileID: 1118058872673967791, guid: 00ce5b850670139479f85596e06c78d9,
        type: 3}
      propertyPath: m_LocalRotation.x
      value: -0
      objectReference: {fileID: 0}
    - target: {fileID: 1118058872673967791, guid: 00ce5b850670139479f85596e06c78d9,
        type: 3}
      propertyPath: m_LocalRotation.y
      value: -0.7071068
      objectReference: {fileID: 0}
    - target: {fileID: 1118058872673967791, guid: 00ce5b850670139479f85596e06c78d9,
        type: 3}
      propertyPath: m_LocalRotation.z
      value: -0
      objectReference: {fileID: 0}
    - target: {fileID: 1118058872673967791, guid: 00ce5b850670139479f85596e06c78d9,
        type: 3}
      propertyPath: m_LocalRotation.w
      value: 0.7071068
      objectReference: {fileID: 0}
    - target: {fileID: 1118058872673967791, guid: 00ce5b850670139479f85596e06c78d9,
        type: 3}
      propertyPath: m_RootOrder
      value: 4
      objectReference: {fileID: 0}
    - target: {fileID: 1118058872673967791, guid: 00ce5b850670139479f85596e06c78d9,
        type: 3}
      propertyPath: m_LocalEulerAnglesHint.x
      value: 0
      objectReference: {fileID: 0}
    - target: {fileID: 1118058872673967791, guid: 00ce5b850670139479f85596e06c78d9,
        type: 3}
      propertyPath: m_LocalEulerAnglesHint.y
      value: 0
      objectReference: {fileID: 0}
    - target: {fileID: 1118058872673967791, guid: 00ce5b850670139479f85596e06c78d9,
        type: 3}
      propertyPath: m_LocalEulerAnglesHint.z
      value: 0
      objectReference: {fileID: 0}
    - target: {fileID: 1118058872673967791, guid: 00ce5b850670139479f85596e06c78d9,
        type: 3}
      propertyPath: m_LocalScale.x
      value: 2.3999996
      objectReference: {fileID: 0}
    - target: {fileID: 1118058872673967791, guid: 00ce5b850670139479f85596e06c78d9,
        type: 3}
      propertyPath: m_LocalScale.z
      value: 4.499999
      objectReference: {fileID: 0}
    - target: {fileID: 1368502641636298851, guid: 00ce5b850670139479f85596e06c78d9,
        type: 3}
      propertyPath: m_Name
      value: Platform (3)
      objectReference: {fileID: 0}
    m_RemovedComponents: []
  m_SourcePrefab: {fileID: 100100000, guid: 00ce5b850670139479f85596e06c78d9, type: 3}
--- !u!1001 &2076785273
PrefabInstance:
  m_ObjectHideFlags: 0
  serializedVersion: 2
  m_Modification:
    m_TransformParent: {fileID: 1444734336}
    m_Modifications:
    - target: {fileID: 8202187705786746950, guid: bd7c7284deac9384784c5157963dc825,
        type: 3}
      propertyPath: m_LocalPosition.x
      value: 4.83
      objectReference: {fileID: 0}
    - target: {fileID: 8202187705786746950, guid: bd7c7284deac9384784c5157963dc825,
        type: 3}
      propertyPath: m_LocalPosition.y
      value: 28.57
      objectReference: {fileID: 0}
    - target: {fileID: 8202187705786746950, guid: bd7c7284deac9384784c5157963dc825,
        type: 3}
      propertyPath: m_LocalPosition.z
      value: -16.12
      objectReference: {fileID: 0}
    - target: {fileID: 8202187705786746950, guid: bd7c7284deac9384784c5157963dc825,
        type: 3}
      propertyPath: m_LocalRotation.x
      value: -0
      objectReference: {fileID: 0}
    - target: {fileID: 8202187705786746950, guid: bd7c7284deac9384784c5157963dc825,
        type: 3}
      propertyPath: m_LocalRotation.y
      value: -1
      objectReference: {fileID: 0}
    - target: {fileID: 8202187705786746950, guid: bd7c7284deac9384784c5157963dc825,
        type: 3}
      propertyPath: m_LocalRotation.z
      value: -0
      objectReference: {fileID: 0}
    - target: {fileID: 8202187705786746950, guid: bd7c7284deac9384784c5157963dc825,
        type: 3}
      propertyPath: m_LocalRotation.w
      value: 0
      objectReference: {fileID: 0}
    - target: {fileID: 8202187705786746950, guid: bd7c7284deac9384784c5157963dc825,
        type: 3}
      propertyPath: m_RootOrder
      value: 15
      objectReference: {fileID: 0}
    - target: {fileID: 8202187705786746950, guid: bd7c7284deac9384784c5157963dc825,
        type: 3}
      propertyPath: m_LocalEulerAnglesHint.x
      value: 0
      objectReference: {fileID: 0}
    - target: {fileID: 8202187705786746950, guid: bd7c7284deac9384784c5157963dc825,
        type: 3}
      propertyPath: m_LocalEulerAnglesHint.y
      value: 0
      objectReference: {fileID: 0}
    - target: {fileID: 8202187705786746950, guid: bd7c7284deac9384784c5157963dc825,
        type: 3}
      propertyPath: m_LocalEulerAnglesHint.z
      value: 0
      objectReference: {fileID: 0}
    - target: {fileID: 8202187705786746950, guid: bd7c7284deac9384784c5157963dc825,
        type: 3}
      propertyPath: m_LocalScale.y
      value: 5.813441
      objectReference: {fileID: 0}
    - target: {fileID: 8202187705786747002, guid: bd7c7284deac9384784c5157963dc825,
        type: 3}
      propertyPath: force
      value: 30
      objectReference: {fileID: 0}
    - target: {fileID: 8202187705786747003, guid: bd7c7284deac9384784c5157963dc825,
        type: 3}
      propertyPath: m_Name
      value: Elevator (1)
      objectReference: {fileID: 0}
    m_RemovedComponents: []
  m_SourcePrefab: {fileID: 100100000, guid: bd7c7284deac9384784c5157963dc825, type: 3}
--- !u!4 &2087204843 stripped
Transform:
  m_CorrespondingSourceObject: {fileID: 1118058872673967791, guid: 00ce5b850670139479f85596e06c78d9,
    type: 3}
  m_PrefabInstance: {fileID: 2040179573}
  m_PrefabAsset: {fileID: 0}
--- !u!4 &2135216397 stripped
Transform:
  m_CorrespondingSourceObject: {fileID: 1732228706707419561, guid: 59df9e88005d6e941af1a2214d1522d7,
    type: 3}
  m_PrefabInstance: {fileID: 1732228706795217060}
  m_PrefabAsset: {fileID: 0}
--- !u!114 &2135216398 stripped
MonoBehaviour:
  m_CorrespondingSourceObject: {fileID: 1732228706707419562, guid: 59df9e88005d6e941af1a2214d1522d7,
    type: 3}
  m_PrefabInstance: {fileID: 1732228706795217060}
  m_PrefabAsset: {fileID: 0}
  m_GameObject: {fileID: 0}
  m_Enabled: 1
  m_EditorHideFlags: 0
  m_Script: {fileID: 11500000, guid: d3d36133a1d494c48b8f919b23bab151, type: 3}
  m_Name: 
  m_EditorClassIdentifier: 
--- !u!4 &2141536244 stripped
Transform:
  m_CorrespondingSourceObject: {fileID: 1733593358947408502, guid: baa733bd4c02b014e8573e6792ccad99,
    type: 3}
  m_PrefabInstance: {fileID: 1733593360249939330}
  m_PrefabAsset: {fileID: 0}
--- !u!1001 &447598963000157469
PrefabInstance:
  m_ObjectHideFlags: 0
  serializedVersion: 2
  m_Modification:
    m_TransformParent: {fileID: 1444734336}
    m_Modifications:
    - target: {fileID: 447598964022531651, guid: a7071729a75dcbd4f999fa70b0c9afe7,
        type: 3}
      propertyPath: m_Name
      value: Player
      objectReference: {fileID: 0}
    - target: {fileID: 447598964022531704, guid: a7071729a75dcbd4f999fa70b0c9afe7,
        type: 3}
      propertyPath: m_Enabled
      value: 1
      objectReference: {fileID: 0}
    - target: {fileID: 447598964022531711, guid: a7071729a75dcbd4f999fa70b0c9afe7,
        type: 3}
      propertyPath: m_LocalPosition.x
      value: 20.35
      objectReference: {fileID: 0}
    - target: {fileID: 447598964022531711, guid: a7071729a75dcbd4f999fa70b0c9afe7,
        type: 3}
      propertyPath: m_LocalPosition.y
      value: 2.49
      objectReference: {fileID: 0}
    - target: {fileID: 447598964022531711, guid: a7071729a75dcbd4f999fa70b0c9afe7,
        type: 3}
      propertyPath: m_LocalPosition.z
      value: -10.04
      objectReference: {fileID: 0}
    - target: {fileID: 447598964022531711, guid: a7071729a75dcbd4f999fa70b0c9afe7,
        type: 3}
      propertyPath: m_LocalRotation.x
      value: 0.48658633
      objectReference: {fileID: 0}
    - target: {fileID: 447598964022531711, guid: a7071729a75dcbd4f999fa70b0c9afe7,
        type: 3}
      propertyPath: m_LocalRotation.y
      value: -0.51306313
      objectReference: {fileID: 0}
    - target: {fileID: 447598964022531711, guid: a7071729a75dcbd4f999fa70b0c9afe7,
        type: 3}
      propertyPath: m_LocalRotation.z
      value: 0.48658633
      objectReference: {fileID: 0}
    - target: {fileID: 447598964022531711, guid: a7071729a75dcbd4f999fa70b0c9afe7,
        type: 3}
      propertyPath: m_LocalRotation.w
      value: 0.51306313
      objectReference: {fileID: 0}
    - target: {fileID: 447598964022531711, guid: a7071729a75dcbd4f999fa70b0c9afe7,
        type: 3}
      propertyPath: m_RootOrder
      value: 0
      objectReference: {fileID: 0}
    - target: {fileID: 447598964022531711, guid: a7071729a75dcbd4f999fa70b0c9afe7,
        type: 3}
      propertyPath: m_LocalEulerAnglesHint.x
      value: 86.966
      objectReference: {fileID: 0}
    - target: {fileID: 447598964022531711, guid: a7071729a75dcbd4f999fa70b0c9afe7,
        type: 3}
      propertyPath: m_LocalEulerAnglesHint.y
      value: -90.00001
      objectReference: {fileID: 0}
    - target: {fileID: 447598964022531711, guid: a7071729a75dcbd4f999fa70b0c9afe7,
        type: 3}
      propertyPath: m_LocalEulerAnglesHint.z
      value: 0
      objectReference: {fileID: 0}
    - target: {fileID: 7321713946791306007, guid: a7071729a75dcbd4f999fa70b0c9afe7,
        type: 3}
      propertyPath: liveText
      value: 
      objectReference: {fileID: 0}
    - target: {fileID: 7321713946791306007, guid: a7071729a75dcbd4f999fa70b0c9afe7,
        type: 3}
      propertyPath: livesCountText
      value: 
      objectReference: {fileID: 1002098964}
    m_RemovedComponents: []
  m_SourcePrefab: {fileID: 100100000, guid: a7071729a75dcbd4f999fa70b0c9afe7, type: 3}
--- !u!1001 &1590587104812308919
PrefabInstance:
  m_ObjectHideFlags: 0
  serializedVersion: 2
  m_Modification:
    m_TransformParent: {fileID: 1444734336}
    m_Modifications:
    - target: {fileID: 1590587105032995602, guid: ebefcfdac070c5b4faed18e8955aee9b,
        type: 3}
      propertyPath: m_LocalPosition.x
      value: 15.390003
      objectReference: {fileID: 0}
    - target: {fileID: 1590587105032995602, guid: ebefcfdac070c5b4faed18e8955aee9b,
        type: 3}
      propertyPath: m_LocalPosition.y
      value: 3.17
      objectReference: {fileID: 0}
    - target: {fileID: 1590587105032995602, guid: ebefcfdac070c5b4faed18e8955aee9b,
        type: 3}
      propertyPath: m_LocalPosition.z
      value: -5.3599977
      objectReference: {fileID: 0}
    - target: {fileID: 1590587105032995602, guid: ebefcfdac070c5b4faed18e8955aee9b,
        type: 3}
      propertyPath: m_LocalRotation.x
      value: -0
      objectReference: {fileID: 0}
    - target: {fileID: 1590587105032995602, guid: ebefcfdac070c5b4faed18e8955aee9b,
        type: 3}
      propertyPath: m_LocalRotation.y
      value: -0.7071068
      objectReference: {fileID: 0}
    - target: {fileID: 1590587105032995602, guid: ebefcfdac070c5b4faed18e8955aee9b,
        type: 3}
      propertyPath: m_LocalRotation.z
      value: -0
      objectReference: {fileID: 0}
    - target: {fileID: 1590587105032995602, guid: ebefcfdac070c5b4faed18e8955aee9b,
        type: 3}
      propertyPath: m_LocalRotation.w
      value: 0.7071068
      objectReference: {fileID: 0}
    - target: {fileID: 1590587105032995602, guid: ebefcfdac070c5b4faed18e8955aee9b,
        type: 3}
      propertyPath: m_RootOrder
      value: 1
      objectReference: {fileID: 0}
    - target: {fileID: 1590587105032995602, guid: ebefcfdac070c5b4faed18e8955aee9b,
        type: 3}
      propertyPath: m_LocalEulerAnglesHint.x
      value: 0
      objectReference: {fileID: 0}
    - target: {fileID: 1590587105032995602, guid: ebefcfdac070c5b4faed18e8955aee9b,
        type: 3}
      propertyPath: m_LocalEulerAnglesHint.y
      value: 0
      objectReference: {fileID: 0}
    - target: {fileID: 1590587105032995602, guid: ebefcfdac070c5b4faed18e8955aee9b,
        type: 3}
      propertyPath: m_LocalEulerAnglesHint.z
      value: 0
      objectReference: {fileID: 0}
    - target: {fileID: 1590587105032995603, guid: ebefcfdac070c5b4faed18e8955aee9b,
        type: 3}
      propertyPath: m_Name
      value: Check Point Holder
      objectReference: {fileID: 0}
    m_RemovedComponents: []
  m_SourcePrefab: {fileID: 100100000, guid: ebefcfdac070c5b4faed18e8955aee9b, type: 3}
--- !u!1001 &1732228706795217060
PrefabInstance:
  m_ObjectHideFlags: 0
  serializedVersion: 2
  m_Modification:
    m_TransformParent: {fileID: 1444734336}
    m_Modifications:
    - target: {fileID: 1732228706707419560, guid: 59df9e88005d6e941af1a2214d1522d7,
        type: 3}
      propertyPath: m_Name
      value: Disabled Object Holder
      objectReference: {fileID: 0}
    - target: {fileID: 1732228706707419561, guid: 59df9e88005d6e941af1a2214d1522d7,
        type: 3}
      propertyPath: m_LocalPosition.x
      value: 8.585989
      objectReference: {fileID: 0}
    - target: {fileID: 1732228706707419561, guid: 59df9e88005d6e941af1a2214d1522d7,
        type: 3}
      propertyPath: m_LocalPosition.y
      value: -1.7585881
      objectReference: {fileID: 0}
    - target: {fileID: 1732228706707419561, guid: 59df9e88005d6e941af1a2214d1522d7,
        type: 3}
      propertyPath: m_LocalPosition.z
      value: -1.9699993
      objectReference: {fileID: 0}
    - target: {fileID: 1732228706707419561, guid: 59df9e88005d6e941af1a2214d1522d7,
        type: 3}
      propertyPath: m_LocalRotation.x
      value: -0
      objectReference: {fileID: 0}
    - target: {fileID: 1732228706707419561, guid: 59df9e88005d6e941af1a2214d1522d7,
        type: 3}
      propertyPath: m_LocalRotation.y
      value: -0.7071068
      objectReference: {fileID: 0}
    - target: {fileID: 1732228706707419561, guid: 59df9e88005d6e941af1a2214d1522d7,
        type: 3}
      propertyPath: m_LocalRotation.z
      value: -0
      objectReference: {fileID: 0}
    - target: {fileID: 1732228706707419561, guid: 59df9e88005d6e941af1a2214d1522d7,
        type: 3}
      propertyPath: m_LocalRotation.w
      value: 0.7071068
      objectReference: {fileID: 0}
    - target: {fileID: 1732228706707419561, guid: 59df9e88005d6e941af1a2214d1522d7,
        type: 3}
      propertyPath: m_RootOrder
      value: 3
      objectReference: {fileID: 0}
    - target: {fileID: 1732228706707419561, guid: 59df9e88005d6e941af1a2214d1522d7,
        type: 3}
      propertyPath: m_LocalEulerAnglesHint.x
      value: 0
      objectReference: {fileID: 0}
    - target: {fileID: 1732228706707419561, guid: 59df9e88005d6e941af1a2214d1522d7,
        type: 3}
      propertyPath: m_LocalEulerAnglesHint.y
      value: 0
      objectReference: {fileID: 0}
    - target: {fileID: 1732228706707419561, guid: 59df9e88005d6e941af1a2214d1522d7,
        type: 3}
      propertyPath: m_LocalEulerAnglesHint.z
      value: 0
      objectReference: {fileID: 0}
    m_RemovedComponents: []
  m_SourcePrefab: {fileID: 100100000, guid: 59df9e88005d6e941af1a2214d1522d7, type: 3}
--- !u!1001 &1733593360249939330
PrefabInstance:
  m_ObjectHideFlags: 0
  serializedVersion: 2
  m_Modification:
    m_TransformParent: {fileID: 1444734336}
    m_Modifications:
    - target: {fileID: 1733593358947408497, guid: baa733bd4c02b014e8573e6792ccad99,
        type: 3}
      propertyPath: m_Name
      value: Start Point
      objectReference: {fileID: 0}
    - target: {fileID: 1733593358947408500, guid: baa733bd4c02b014e8573e6792ccad99,
        type: 3}
      propertyPath: m_Materials.Array.data[0]
      value: 
      objectReference: {fileID: 2100000, guid: 1079262d0f14d424aa804d21d9ab791e, type: 2}
    - target: {fileID: 1733593358947408502, guid: baa733bd4c02b014e8573e6792ccad99,
        type: 3}
      propertyPath: m_LocalPosition.x
      value: 20.41
      objectReference: {fileID: 0}
    - target: {fileID: 1733593358947408502, guid: baa733bd4c02b014e8573e6792ccad99,
        type: 3}
      propertyPath: m_LocalPosition.y
      value: 1.951
      objectReference: {fileID: 0}
    - target: {fileID: 1733593358947408502, guid: baa733bd4c02b014e8573e6792ccad99,
        type: 3}
      propertyPath: m_LocalPosition.z
      value: -10.04
      objectReference: {fileID: 0}
    - target: {fileID: 1733593358947408502, guid: baa733bd4c02b014e8573e6792ccad99,
        type: 3}
      propertyPath: m_LocalRotation.x
      value: -0
      objectReference: {fileID: 0}
    - target: {fileID: 1733593358947408502, guid: baa733bd4c02b014e8573e6792ccad99,
        type: 3}
      propertyPath: m_LocalRotation.y
      value: 0.7000324
      objectReference: {fileID: 0}
    - target: {fileID: 1733593358947408502, guid: baa733bd4c02b014e8573e6792ccad99,
        type: 3}
      propertyPath: m_LocalRotation.z
      value: -0
      objectReference: {fileID: 0}
    - target: {fileID: 1733593358947408502, guid: baa733bd4c02b014e8573e6792ccad99,
        type: 3}
      propertyPath: m_LocalRotation.w
      value: 0.71411115
      objectReference: {fileID: 0}
    - target: {fileID: 1733593358947408502, guid: baa733bd4c02b014e8573e6792ccad99,
        type: 3}
      propertyPath: m_RootOrder
      value: 2
      objectReference: {fileID: 0}
    - target: {fileID: 1733593358947408502, guid: baa733bd4c02b014e8573e6792ccad99,
        type: 3}
      propertyPath: m_LocalEulerAnglesHint.x
      value: 0
      objectReference: {fileID: 0}
    - target: {fileID: 1733593358947408502, guid: baa733bd4c02b014e8573e6792ccad99,
        type: 3}
      propertyPath: m_LocalEulerAnglesHint.y
      value: 88.859
      objectReference: {fileID: 0}
    - target: {fileID: 1733593358947408502, guid: baa733bd4c02b014e8573e6792ccad99,
        type: 3}
      propertyPath: m_LocalEulerAnglesHint.z
      value: 0
      objectReference: {fileID: 0}
    - target: {fileID: 1733593358947408506, guid: baa733bd4c02b014e8573e6792ccad99,
        type: 3}
      propertyPath: checkPointHolder
      value: 
      objectReference: {fileID: 359176870}
    m_RemovedComponents: []
  m_SourcePrefab: {fileID: 100100000, guid: baa733bd4c02b014e8573e6792ccad99, type: 3}
